2742 4766
475 441 531 494 xu:
554 432 722 494 censuras.
743 448 768 496 a.
1036 452 1041 467 .
1134 432 1173 498 85
1215 426 1255 505 J
1355 441 1357 446 ’

18 612 20 617 ·
73 594 128 656 sibi
151 595 303 657 liberalius
333 615 420 676 quam
449 604 481 657 ut
507 595 648 657 invidiam
671 596 749 674 vulgi
771 605 876 675 posset
898 599 1037 677 effugere.
1080 600 1173 665 hsta

72 680 149 741 enim
177 682 234 742 hoo
263 699 419 742 commune
446 682 549 742 vitium
577 681 609 741 in
638 682 753 759 magnis
776 681 940 760 liberisque
963 685 1133 747 civitatibus

70 775 101 826 ut
122 765 233 827 invidia
255 766 365 847 gloriae
388 785 489 828 comes
512 765 552 826 sit
573 775 603 827 et
623 765 752 826 libenter
773 760 870 826 ociis
889 768 1042 829 detrahant
1058 789 1133 848 quos

71 849 201 912 eminere
222 850 342 913 videant
363 852 459 923 altius
483 870 580 930 neque
603 851 820 933 animoaequo
842 869 990 930 pauperes
1006 848 1133 915 alien'am

70 935 251 1014 opulentiam
274 937 431 997 intuuntur
451 937 609 997 fortunam.
660 936 763 1015 ltaque
786 935 929 996 Chabrias
956 956 1014 1016 quo
1047 940 1074 1001 ei
1096 939 1132 999 li·
1171 948 1174 953 ’
1252 991 1255 1004 .

69 1020 152 1081 cebat
176 1021 333 1100 plurimum
362 1022 473 1082 aberat.
516 1021 618 1099 Neque
645 1039 715 1081 vero
739 1021 820 1081 solus
847 1021 1021 1088 ilteaberat
1041 1024 1132 1084 Athe-
1153 1032 1173 1088 4

17 1112 19 1117 ’
68 1104 114 1167 nis
136 1105 278 1178 libenter,
311 1107 364 1168 sed
387 1124 491 1167 omnes
513 1106 576 1166 lere
599 1105 751 1184 principes
774 1107 909 1166 lecerunt
929 1107 1024 1179 idem,
1053 1104 1132 1187 quod

67 1198 180 1251 tantum
202 1211 235 1252 se
258 1190 427 1252 abinvidia
448 1190 593 1269 putabant
620 1191 735 1251 luturos
763 1201 903 1269 quantum
931 1211 949 1252 a
970 1201 1133 1271 conspectu
1238 1265 1247 1277 ·

68 1293 190 1336 suorum
204 1285 401 1337 recesserant.
438 1277 539 1354 ltaque
556 1275 659 1336 Conon
675 1276 835 1354 plurimum
851 1277 939 1355 Cypri
955 1277 1033 1345 vixit,
1050 1278 1131 1356 lphi-

16 1414 18 1437 4
67 1369 164 1422 crates
188 1361 219 1420 in
242 1360 376 1432 Threcia,
401 1360 575 1420 Timotheus
597 1360 706 1432 Lesbo,
730 1362 841 1425 Chares
864 1360 970 1438 Sige03
999 1361 1131 1422 dissimi-

16 1440 17 1445 ’
64 1443 101 1507 lis
131 1445 251 1524 quidem
286 1446 396 1506 Chares
428 1446 534 1505 horum
568 1452 597 1505 et
629 1445 716 1506 lactis
744 1455 774 1506 et
800 1445 933 1506 moribus
956 1445 1010 1506 scd
1032 1454 1131 1508 tamen

16 1554 17 1561 ¹
64 1529 244 1590 Atheniset
264 1530 427 1591 honoratus
450 1535 480 1589 e't
500 1538 618 1608 potens.
1114 1578 1119 1584 .

16 1618 18 1625 ⁴
152 1615 293 1676 Chabrias
316 1623 413 1675 autem
434 1615 525 1693 periit
546 1614 624 1674 bello
645 1614 749 1675 sociali
765 1614 816 1674 tali
832 1615 933 1674 modo.
970 1607 1173 1693 oppugna-fl
1247 1610 1258 1631 '

16 1700 17 1703 ’
64 1698 136 1759 bant
157 1699 355 1760 Athenienses
378 1700 492 1760 Chium.
542 1699 614 1759 Erat
640 1699 671 1760 in
700 1700 796 1760 classe
826 1699 969 1760 Chabrias
997 1699 1129 1778 privatus
1201 1751 1206 1769 ,

65 1784 117 1844 sed
152 1803 255 1845 omnes
290 1784 352 1863 qui·
373 1785 404 1844 in
444 1784 618 1861 magistratu
658 1793 742 1845 erant
781 1786 954 1844 auctoritate
988 1784 1129 1858 anteibat,

15 1904 16 1931 1
38 1894 44 1899 ¹
67 1887 191 1948 eumque
213 1869 307 1945 magis
329 1868 440 1931 milites
465 1888 551 1948 quam
576 1870 624 1947 qui
641 1877 797 1948 praeerant
813 1869 1008 1947 aspiciebant.
1046 1870 1131 1942 Quae
1153 1873 1170 1929 2

15 1954 17 1997 i
64 1972 111 2014 res
133 1954 162 2014 ei
192 1954 348 2015 maturarit
374 1963 510 2015 mortem.
555 1954 627 2014 Nam
657 1956 726 2013 dum
755 1956 870 2032 primus
893 1956 990 2014 studet
1012 1963 1131 2032 portum

15 2078 16 2081 κ
65 2034 183 2111 intrare,
207 2040 434 2118 gubernatorem
457 2039 539 2100 iubet
561 2057 596 2099 eo
619 2039 748 2116 dirigere
770 2057 884 2111 navem,
907 2038 973 2115 ipse
989 2037 1046 2097 sibi
1062 2058 1129 2117 per-

15 2130 18 2217 p
65 2123 153 2185 niciei
176 2125 241 2185 luit.
286 2124 359 2185 Cum
380 2123 459 2184 enim
483 2130 737 2202 eopenetrasset,
772 2131 887 2183 ceterae
907 2141 968 2182 non
990 2131 1060 2182 sunt
1081 2141 1128 2184 se·

66 2218 157 2271 outae.
202 2210 270 2282 Quo
300 2210 379 2269 lacto
409 2208 605 2268 circumfusus
634 2207 765 2267 hostium
796 2224 942 2267 concursu
972 2224 1038 2267 cum
1067 2208 1127 2266 lor-

14 2298 17 2355 1
65 2292 179 2355 tissime
202 2301 356 2374 pugnaret,
378 2293 462 2354 navis
484 2301 581 2352 rostro
604 2308 748 2371 percussa
771 2293 870 2371 coepit
899 2292 1007 2352 sidere.
1051 2290 1127 2353 Hinc
1151 2297 1167 2353 3

14 2452 16 2459 J
65 2379 200 2459 refugere
223 2398 290 2440 cum
313 2386 425 2457 posset,
449 2377 475 2438 si
498 2398 530 2439 se
553 2378 583 2438 in
606 2396 687 2438 mare
710 2377 878 2449 deiecisset,
907 2378 985 2456 qnod
1009 2376 1129 2438 suberat

14 2472 16 2511 2
51 2463 169 2553 ,classis
192 2463 433 2536 Atheniensium,
457 2482 532 2542 quae
554 2462 704 2541 exciperet
727 2462 872 2535 natantis,
905 2462 1004 2541 perire
1026 2462 1128 2524 maluit

66 2566 149 2627 quam
166 2552 264 2612 ‘armis
286 2549 411 2610 abiectis
440 2566 542 2610 navem
571 2547 740 2627 relinquere
766 2548 796 2608 in
821 2566 876 2626 qua
900 2549 996 2607 luerat
1016 2555 1127 2607 rectus

18 740 20 781 l

65 2717 148 2765 grosse
160 2701 289 2754 Vortheile
307 2717 355 2750 von
370 2703 418 2751 deu
428 2702 572 2767 Aegyptern
621 2698 691 2760 gerci
709 2700 752 2748 hat
768 2698 851 2764 Nepos
870 2698 893 2746 in
912 2696 996 2746 seinar
1012 2696 1129 2757 gcwhhn·

64 2786 120 2834 cog,
147 2770 259 2820 welcber
285 2771 330 2820 mit
355 2771 399 2819 des
416 2768 448 2829 N.
475 2768 571 2831 cignem
620 2764 701 2815 lichen
718 2765 907 2816 Parleilicbkeit
924 2763 1063 2826 gemildert.

65 2837 107 2888 ler
141 2837 280 2889 Wabrheit
313 2841 442 2900 gemissen
470 2836 571 2886 Bericbt
655 2836 678 2885 3.
699 2839 796 2886 alienam
814 2838 961 2900 opulentiam.
992 2831 1017 2881 S.
1028 2847 1057 2880 zu
1065 2830 1129 2880 Dion

64 2906 107 2969 hg.
118 2908 168 2965 r‚2
187 2906 211 2954 iu
228 2904 412 2971 Widerspruch
430 2905 504 2954 steht.
573 2912 581 2953 l
622 2905 680 2959 1,1.

94 2968 123 3030 3·
146 2976 168 3026 l.
196 2979 257 3039 repis
282 2977 370 3025 Persae.
398 2971 423 3022 S.
439 2988 472 3041 zu
481 2972 566 3022 Thcm.
653 2975 779 3021 intuuntur.
806 2967 866 3017 Dies
889 2968 998 3020 Verbum
1023 2983 1079 3017 war
1096 2983 1127 3016 zu

64 3041 84 3100 8,
95 3044 119 3093 2.
621 3037 664 3087 tlcs
688 3035 719 3088 N.
745 3036 802 3086 Zeit
828 3037 869 3086 iiir
892 3036 932 3085 die
962 3044 1020 3100 gule
1049 3036 1129 3086 Prosa

95 3112 169 3163 2-4.
200 3108 260 3158 Dies
284 3109 318 3158 ist
347 3123 392 3157 aus
415 3106 569 3173 Theopompo
619 3105 736 3155 vcraltet.

32 3220 38 3231 .
66 3177 144 3229 l3tcm
162 3179 190 3228 B.
212 3179 258 3227 der
278 3176 458 3243 Philippischen
478 3175 566 3225 Gescb.
652 3176 676 3225 4.
697 3178 722 3225 ia
739 3174 829 3235 gehon
851 3173 913 3222 auch
939 3188 970 3222 zu
988 3176 1059 3225 lesbo
1077 3170 1128 3221 und
1191 3228 1193 3233 y

15 3284 16 3287 ,
65 3246 159 3304 (hthcu.
182 3246 238 3296 Xll.
260 3245 346 3297 5323:
372 3245 470 3305 Fragm.
487 3243 565 3295 lllb.
619 3240 1128 3307 819101111111111.1111111114

65 3309 174 3375 Wichl:
206 3308 236 3363 ori
255 3308 403 3381 δυνάμενος
429 3309 458 3362 δὲ
476 3311 524 3373 ζῆν
541 3307 570 3361 ἐν
620 3326 643 3359 u.
664 3325 695 3359 zu
715 3309 774 3359 Con.
785 3312 807 3366 5,
818 3311 842 3360 2.

64 3381 94 3448 τῇ
116 3380 192 3433 πόλει
215 3378 249 3431 τὰ
273 3378 325 3448 μὲν
348 3377 395 3431 διὰ
417 3377 468 3442 τὴν
495 3373 569 3429 ἆσέλ-
653 3374 679 3432 4.
703 3380 725 3429 1.
747 3378 965 3435 01.105‚4=357.
988 3374 1126 3423 Tblschlich
1160 3410 1165 3435 r

63 3463 136 3512 γειαν
152 3447 198 3501 καὶ
217 3445 263 3499 διὰ
280 3445 330 3509 τὴν
340 3447 511 3499 uelocitatem
519 3444 569 3509 τὴν
618 3446 743 3496 berichtct
758 3446 854 3496 Diodor
864 3443 942 3506 (XVl.
952 3446 977 3504 7)
995 3443 1052 3492 dass
1063 3440 1127 3491 Cha·

65 3511 142 3569 αὑτοῦ
166 3515 217 3580 τὴν
239 3513 301 3585 περὶ
320 3513 373 3574 aiv
396 3515 457 3581 βίον
480 3512 515 3565 τὰ
539 3512 569 3565 δὲ
618 3514 687 3564 brias
704 3515 826 3564 Fcldbcrr
850 3527 982 3576 gewcsen;
1009 3510 1053 3559 (les
1075 3507 1126 3559 Ne-

65 3579 107 3634 elul
128 3583 191 3642 τοὺς
210 3579 367 3646 Ἀθηναίους
405 3577 490 3633 ἅπασι
513 3579 567 3654 γάρ
635 3582 836 3644 os‘Erzihlung
863 3579 983 3641 basthtigt
1011 3577 1081 3627 llam
1093 3578 1125 3628 20

14 3648 16 3685 ἶ
65 3647 113 3703 eice
125 3651 249 3723 χαλεποί,
270 3649 312 3701 διὸ
330 3649 375 3701 καὶ
401 3645 503 3702 εἵλοντο
522 3645 567 3700 αὖ·
618 3599 685 3717 ξῧῖ.
738 3668 743 3673 ’

21 3742 24 3757 ·
64 3721 116 3769 τῶν
142 3717 169 3773 oc‘
191 3718 297 3778 ἔνδοξοι
319 3713 368 3777 ἔξω
393 3720 440 3780 τῆς
465 3713 567 3773 πόλεως
653 3724 692 3784 qui
708 3726 828 3784 praeerant
845 3715 878 3764 ist
897 3714 994 3778 object.

64 3792 219 3856 καταβιοῦν,
231 3782 446 3876 Ἰφικράτηςμὲν
457 3783 486 3837 ἐν
496 3781 567 3854 Oppi-
652 3788 676 3836 2.
694 3790 752 3851 ,ipse
771 3782 876 3833 Hiermit
886 3777 1126 3858 begiuntderNach·
1225 3827 1227 3832 ,

14 3876 15 3883 ’
64 3870 100 3923 κῃ,
121 3854 255 3909 Κόνωνδ
286 3852 314 3906 ἐν
340 3849 458 3920 Κύπρῳ,
486 3856 519 3903 Tc
542 3848 567 3901 ό·
619 3861 681 3903 sata.
702 3853 749 3903 Eiu
767 3850 892 3901 hhnliehes
909 3850 1053 3916 Asynrlemu
1074 3861 1124 3896 wie

14 3950 15 3953 =
66 3924 124 3981 laos
147 3921 174 3977 δ’
195 3923 224 3977 ἓν
240 3923 350 3990 Λέσβῳ,
380 3918 475 3990 Χάρης
539 3916 568 3970 ἓν
619 3921 688 3970 111111·Δ
702 3920 742 3970 bei
770 3920 817 3968 deu
849 3918 913 3967 zwci
940 3917 1123 3968 Vortlcrsa'atzou

65 3991 159 4073 Spain:
183 3991 229 4045 καὶ
254 3987 336 4047 αὐτὸς
360 3986 516 4109 ὂΧαβὲίας
539 3984 568 4039 ἐν
618 3986 935 4057 ἧῃᾱοι,εἰο1ιΤίιιιοιὴ.4,3.
956 3982 1124 4048 Vgl.zullion

66 4059 452 4132 Aiponrp.1)enVorwurlder
477 4057 569 4108 chwel-
619 4059 642 4117 4,
652 4059 676 4109 4.
