2742 4766
443 457 501 509 XV.
528 456 776 509 EPAbssNthllAS.
797 461 821 510 5.
1059 463 1063 471 '
1136 448 1196 511 103
1241 467 1255 481 ”
1359 508 1360 519 ,

80 610 182 673 tueris.
225 610 263 670 Et
285 621 332 681 tu,
364 609 508 688 Micytbe,
537 619 692 688 argentum
714 610 786 670 buic
807 611 918 682 redde,
948 619 1012 683 ant,
1042 611 1100 674 nisi
1123 611 1156 672 id

80 694 238 757 confestim
261 693 348 767 iacis,
371 709 427 770 ego
450 704 480 754 te
503 694 618 755 tradam
639 694 835 771 magistratui.
878 694 966 755 Hune
986 695 1155 757 Diomedon
1177 702 1197 757 4

79 797 147 841 eum
175 786 295 855 rogaret
323 785 356 838 ut
382 785 446 838 tuto
475 775 570 840 exiret
601 796 733 858 suaque,
763 797 838 858 quae
871 778 1022 850 attulerat,
1051 780 1157 841 liceret

66 865 197 934 efferre,
228 861 311 922 lstud
336 860 472 940 quidem,
501 861 614 941 inquit,
638 859 761 935 laeiam,
795 880 893 941 neque
915 872 966 923 tua
988 881 1078 924 eausa
1100 863 1155 924 sed

79 943 155 1019 mea,
179 964 226 1019 ne,
251 946 278 1006 si
300 946 354 1007 tibi
377 945 418 1006 sit
438 947 567 1024 pecunia
589 947 737 1025 adempta,
762 946 871 1025 aliquis
893 946 972 1008 dicat
994 947 1025 1008 id
1048 947 1155 1008 adme

78 1038 214 1109 ereptum
236 1030 414 1109 pervenisse
435 1030 515 1109 quod
531 1030 659 1092 delatum
676 1031 813 1110 accipere
828 1029 1003 1093 noluissem.
1047 1032 1072 1091 A
1094 1049 1154 1110 quo
1179 1035 1196 1091 5

79 1134 147 1176 eum
171 1114 341 1193 quaesisset
362 1133 422 1192 quo
445 1132 478 1174 se
501 1113 608 1175 deduci
630 1114 721 1175 vellet
741 1123 770 1175 et
792 1114 842 1176 ille
865 1115 997 1175 Athenas
1020 1114 1155 1188 dixisset,

78 1198 265 1278 praesidium
292 1197 391 1270 dedit,
421 1206 452 1260 ut
481 1206 544 1259 tuto
572 1199 753 1278 perveniret.
796 1199 900 1278 Neque
928 1217 999 1259 vero
1025 1198 1058 1258 id
1081 1199 1155 1259 satis

77 1280 183 1344 babuit
205 1281 258 1343 sed
281 1282 371 1343 etiam
394 1290 427 1342 ut
448 1281 607 1343 inviolatus
630 1283 660 1342 in
683 1300 788 1343 navem
810 1282 987 1344 escenderet
1007 1301 1063 1361 per
1077 1282 1154 1344 Cha-

77 1366 174 1427 briam
196 1366 409 1426 Atheniensem
432 1367 470 1426 de
493 1384 552 1445 quo
575 1384 666 1445 supra
688 1366 871 1427 mentionem
894 1367 1022 1427 fecimus
1045 1366 1155 1427 effecit.

76 1449 287 1512 Abstinentiae
315 1449 372 1510 erit
399 1451 458 1511 boc
492 1451 566 1510 satis
601 1450 836 1534 testimoniares
870 1448 1003 1511 Plurima
1032 1450 1197 1529 quideme

77 1535 216 1613 prolerre
237 1551 408 1612 possemus,
432 1534 484 1595 sed
508 1535 614 1596 modus
637 1534 826 1595 adhibendus
847 1544 902 1607 est,
930 1534 1071 1613 qnoniam
1093 1552 1154 1594 uno

76 1618 137 1678 hoe
165 1617 322 1679 uolumine.
349 1618 438 1679 vitam
466 1617 673 1679 excellentium
705 1619 836 1683 virorum
859 1617 1057 1697 complurium
1080 1636 1177 1683 eoos

75 1701 200 1763 cludere
229 1701 437 1762 constituimus
467 1720 594 1781 quorum
624 1702 786 1780 separatim
813 1702 915 1763 multis
943 1701 1064 1763 milibus
1087 1720 1153 1763 ver·

76 1804 166 1847 suum
189 1785 359 1863 complures
382 1785 546 1865 scriptores
568 1794 637 1848 ante
660 1804 716 1847 nos
738 1786 933 1865 explicarunt.

161 1869 232 1930 Fuit
259 1868 347 1930 etiam
376 1870 521 1942 disertus,
555 1879 587 1931 ut
614 1888 702 1930 nemo
731 1870 759 1931 ei
790 1870 951 1932 Thebanus
986 1888 1043 1949 par
1071 1862 1195 1932 esset5
1243 1878 1246 1883 '

75 1953 262 2032 eloquentia,
296 1971 394 2031 neque
416 1954 516 2015 minus
539 1954 706 2015 concinnus
729 1954 760 2014 in
781 1953 926 2015 brevitate
948 1952 1153 2032 respondendi

77 2056 167 2116 quam
199 2037 231 2096 in
260 2038 407 2116 per'petua
434 2038 570 2099 oratione
599 2046 757 2098 ornatus·
782 2037 892 2098 Habuit
920 2037 1153 2097 obtrectatorem
1176 2038 1195 2095 2

13 2152 14 2157 1
76 2120 271 2183 bleneelidem
294 2120 451 2201 ¹quendam
477 2121 612 2182 indidem
635 2121 748 2200 Thebis
770 2129 800 2181 et
821 2120 1023 2181 adversarium
1045 2119 1078 2179 in
1101 2119 1153 2179 ad·

77 2206 275 2266 ministranda
297 2205 462 2283 republica,
486 2206 560 2266 satis
583 2205 774 2267 exercitatum
797 2204 828 2264 in
851 2204 989 2275 dicendo,
1019 2212 1051 2264 ut
1073 2194 1153 2262 Tbe-

78 2287 189 2350 banum
212 2288 345 2350 scilieet:
368 2307 496 2368 namque
518 2289 561 2350 illi
585 2289 664 2367 genti
686 2288 754 2368 plus
776 2290 856 2350 inest
877 2288 983 2349 virium
1001 2306 1091 2367 quam
1107 2286 1153 2347 in-

77 2374 169 2450 genii.
213 2373 253 2446 ls,
277 2373 355 2452 quod
380 2373 409 2433 in
433 2392 467 2434 re
480 2372 609 2434 ,militari
634 2373 742 2434 llorere
763 2373 1000 2452 Epaminondam
1022 2371 1151 2443 videbat,
1177 2373 1195 2432 3

78 2455 192 2518 hortari
216 2456 332 2518 solebat
353 2456 513 2518 Thebanos
537 2466 568 2518 ut
589 2476 694 2536 pacem
717 2456 796 2517 bello
826 2458 1034 2529 anteferrent,
1057 2475 1093 2517 ne
1116 2454 1152 2515 il,

79 2539 136 2601 lius
160 2534 351 2620 imperatoris
374 2559 465 2620 opera
487 2538 719 2602 desideraretur.
763 2541 840 2602 lluio
855 2541 905 2602 ille
919 2541 1021 2613 Fallis,
1045 2539 1152 2618 inquit,

77 2625 170 2686 verbo
200 2625 273 2686 civis
298 2635 380 2698 tuoe,
415 2625 494 2704 quod
516 2627 573 2686 hos
596 2626 716 2688 altello
744 2643 882 2686 revocas:
917 2625 971 2685 otii
994 2623 1074 2685 enim
1097 2641 1151 2683 no-

76 2841 103 2876 eo
121 2841 194 2877 coeco
212 2828 303 2888 coquito
321 2833 407 2876 elamet
423 2828 459 2876 vel
476 2829 590 2876 civitatem
638 2827 709 2875 Bruto
727 2827 756 2874 ld.
768 2826 865 2873 lollius
884 2830 916 2873 tot
932 2824 1026 2874 milibus
1046 2838 1152 2872 eoseum

77 2899 179 2944 statuere
189 2895 273 2942 iubeat.
297 2888 351 2940 Vll.
364 2892 414 2948 8,4
431 2896 552 2943 obsecrent
564 2901 590 2942 ut
641 2895 669 2943 de
677 2894 784 2941 Romanis
794 2898 881 2940 tontum
894 2893 1024 2941 oratoriblts
1034 2892 1151 2955 loquetur.

75 2963 126 3009 scio
144 2960 245 3023 [orturis
264 2961 369 3009 coosulat
385 2975 441 3008 eece
463 2963 491 3009 ab
516 2962 590 3009 hosti·
674 2955 703 3010 5.
727 2959 749 3006 1,
770 2965 795 3006 ut
812 2960 1065 3022 nemo—eloquentie.
1099 2954 1151 3004 llas

79 3028 121 3077 ber
148 3027 297 3090 diripientur.
331 3023 589 3081 dinumerasse
638 3023 728 3071 winde
747 3023 809 3071 uach
828 3022 872 3071 des
885 3020 916 3072 N.
940 3017 1037 3085 eiguem
1054 3021 1153 3072 Urtbeil

76 3109 103 3141 ce
120 3101 201 3145 centro
220 3093 323 3143 Cossium
346 3095 430 3142 sentire
448 3110 498 3144 eum
516 3098 590 3143 omni·
641 3089 691 3156 (§2
709 3109 761 3142 eom
778 3108 806 3141 ee
823 3105 847 3138 u.
858 3092 934 3147 ινα.)
956 3090 1024 3138 nicht
1040 3089 1092 3138 viel
1109 3089 1153 3139 be-

13 3162 19 3175 '
76 3161 133 3222 duc,
169 3167 248 3211 eontra
278 3161 397 3210 Gaesarem
430 3176 459 3209 oe
489 3165 590 3224 faecem
641 3158 740 3207 deuter.
790 3171 817 3205 es
836 3156 1031 3206 Sclrtnstellers
1049 3155 1154 3206 Absicht

79 3223 208 3288 l‘handeln
227 3222 356 3291 mdssten']
374 3243 448 3277 crore.
639 3240 697 3273 war
720 3223 782 3273 aber
802 3224 849 3273 deu
873 3223 919 3290 Ep.
947 3224 1024 3280 nieht
1044 3222 1099 3273 blos
1127 3223 1153 3271 in

89 3316 93 3325 r
111 3311 192 3360 oeque.
211 3291 373 3357 S.zuPel.2‚
384 3295 409 3343 4.
640 3291 775 3355 Vergleieb
798 3291 843 3340 mit
863 3292 910 3340 den
928 3290 1079 3341 Tbebauern
1094 3306 1153 3341 son·

110 3362 135 3410 5.
155 3365 181 3412 iu
197 3378 249 3411 oco.
260 3365 350 3412 eoeeed.
369 3358 395 3409 S.
404 3375 435 3408 zu
443 3356 586 3417 Thence.
640 3360 703 3408 dero
720 3359 860 3425 iiberbaupt
878 3359 915 3408 als
933 3358 1024 3408 beredt
1038 3356 1153 3407 zusehil-

11 3462 15 3485 ,
112 3428 135 3476 6.
157 3432 200 3479 boe
216 3431 370 3479 testimonium
387 3427 476 3488 genart
493 3440 590 3476 zusam-
640 3428 715 3484 dero,
742 3426 792 3475 wie
818 3426 858 3475 die
875 3425 999 3491 Beispiele
1024 3426 1068 3473 des
1093 3426 1153 3476 ttten

79 3504 141 3552 men,
169 3476 219 3542 uod
236 3493 345 3546 seruiet
361 3493 487 3543 Praaieot.
526 3493 589 3543 Eine
638 3493 703 3560 Καρ.
724 3494 820 3555 zeigeu.
1004 3556 1010 3567 ⁸
1045 3488 1048 3495 '

78 3566 160 3611 etwas
176 3560 359 3626 verscbrobene
378 3560 498 3624 Stellurig.
644 3618 646 3623 Α
674 3562 697 3611 2.
720 3570 740 3611 et
751 3566 866 3612 adversor.
885 3556 968 3615 Ueber
986 3558 1026 3606 dre
1038 3554 1153 3617 Stellung

113 3646 209 3693 quornm
226 3635 348 3694 seperatim
366 3627 439 3677 nbnrl.
458 3632 535 3680 citam.
567 3666 569 3669 ·
640 3643 661 3677 s.
672 3643 702 3676 zu
710 3626 795 3675 Tbem.
806 3628 828 3682 2,
840 3627 864 3678 8·
1122 3686 1124 3690 ¹

111 3699 191 3747 mollia
214 3699 308 3746 milibus
336 3713 449 3747 versuum.
484 3693 523 3744 Da
548 3694 588 3744 dic
674 3692 876 3757 Plut.Pelep.25
889 3687 1153 3741 bezeichnetdenlllc·

18 3810 20 3812 ,
80 3757 153 3811 Alten
170 3761 225 3812 ihre
244 3761 341 3811 Bireher
364 3761 411 3813 aul
425 3761 517 3823 langen
535 3761 589 3810 aul·
640 3759 750 3810 neelides
769 3759 806 3808 als
817 3758 889 3807 einen
901 3755 1152 3806 bedentendeolted-

51 3828 66 3834 ”
81 3828 201 3885 gerollten
220 3828 332 3879 Streilen
349 3827 492 3887 sebrieben,
521 3828 589 3878 zahl·
640 3842 686 3878 uer
704 3820 869 3890 (δεινότατος
887 3817 926 3872 ὢν
942 3821 1046 3888 λέγειν).

81 3897 122 3942 ten
139 3896 176 3945 sie
199 3896 267 3946 niobt
289 3895 352 3944 nach
371 3894 457 3945 Seiten
480 3912 504 3945 u.
525 3895 589 3945 Bsu-
611 3891 618 3896 ”
674 3897 777 3960 Namque
794 3908 818 3941 u.
828 3908 849 3941 s.
857 3906 892 3940 w.
911 3889 1032 3953 Vglhlc
1044 3891 1127 3945 11,3..
1233 3934 1237 3945 ,

81 3956 128 4009 den
144 3963 253 4012 eundern
271 3963 333 4011 nach
349 3961 438 4010 Rollen
454 3963 589 4025 (columine)
674 3962 698 4011 3·
721 3963 745 4011 4.
765 3958 840 4010 illese
858 3958 986 4008 Anecdote
1003 3955 1101 4007 enable
1115 3953 1151 4007 N.

81 4036 105 4072 ¹1·
131 4028 226 4080 Zeilen.
254 4028 462 4094 obsoletos
489 4048 540 4082 cem
565 4035 590 4081 in
641 4027 724 4078 allelu.
