2742 4766
197 432 238 499 88
583 392 873 499 x1u.-rntornnns.
893 410 915 497 a.
944 457 947 461 ·

195 596 218 669 8
325 601 381 663 llio
403 619 470 663 cum
491 609 572 662 esset
593 619 700 680 magno
722 609 793 662 natu
815 611 845 663 et
865 600 1065 679 magistratus
1083 618 1186 678 gerere
1211 600 1307 661 desis·

240 695 295 759 set,
317 686 396 747 bello
417 686 616 748 Athenienses
638 688 768 766 undique
790 688 885 767 premi
906 694 976 747 sunt
1001 686 1109 764 coepti.
1153 685 1309 746 Defecerat

239 770 362 844 Sa'mus,
391 770 538 832 descierat
567 770 794 851 Hellespontus,
827 771 984 850 Philippus
1013 771 1071 831 iam
1099 781 1170 830 tanc
1196 771 1306 842 valens,

237 856 369 929 Macedo,
393 856 483 917 nudta
505 855 699 931 moliebatur3
728 857 776 916 cui
804 857 962 936 oppositus
985 854 1095 917 Char'es
1124 873 1191 915 curn
1220 862 1306 927 esset,

197 945 215 1004 2
238 959 299 1002 non
322 939 395 1002 satis
412 939 449 1015 in
471 959 506 1001 eo
529 941 672 1019 praesidii
694 941 860 1020 putabatur.
903 942 951 1002 Fit
967 941 1156 1001 Menestheus
1178 947 1306 1018 praetor,

236 1026 316 1087 filius
338 1025 505 1105 Iphicratis,
529 1043 619 1102 gener
640 1026 806 1098 Timothei,
841 1035 870 1087 et
892 1034 924 1086 ut
946 1026 982 1085 ad
1003 1024 1114 1085 bellum
1136 1024 1306 1103 proficisca-

237 1120 285 1173 tur
307 1110 487 1172 decernitur.
531 1110 608 1171 Huic
636 1111 666 1171 in
695 1111 852 1172 consilium
872 1100 989 1172 ‘dantur
1015 1110 1074 1171 duo
1104 1128 1161 1169 usu
1191 1110 1307 1188 sapien-

236 1195 336 1275 tiaque
358 1203 543 1274 praestantes
566 1214 691 1275 quornm
714 1197 838 1256 consilio
866 1205 1010 1267 uteretur,
1045 1203 1128 1273 pater
1156 1202 1187 1257 et
1213 1212 1326 1266 socer,

237 1280 317 1361 quod
346 1280 376 1340 in
404 1280 451 1340 his
480 1287 561 1340 tanta
590 1289 654 1341 erat
682 1281 842 1342 auctoritas
870 1291 903 1341 ut
930 1298 1036 1357 inagna
1062 1297 1131 1358 spes
1154 1288 1236 1340 esset
1256 1297 1307 1357 per

145 1374 149 1387 ,
181 1354 213 1429 ,3
238 1384 291 1426 eos
313 1364 423 1425 amissa
446 1383 536 1442 posse
558 1366 738 1444 recuperari·
774 1366 818 1426 'lli
841 1385 906 1427 cum
922 1366 1041 1426 Samum
1065 1364 1193 1443 proiecti
1209 1373 1306 1425 essent

238 1461 267 1513 et
297 1450 402 1509 eodem
432 1449 542 1510 Chares
571 1449 688 1510 illorum
717 1450 842 1512 adventu
871 1450 990 1528 cognito
1020 1469 1086 1509 cum
1120 1449 1184 1509 suis
1213 1449 1305 1527 copiis

237 1533 486 1614 proficisceretur,
510 1553 547 1595 ne
571 1534 640 1613 quid
665 1535 787 1595 ahsente
810 1555 841 1596 se
864 1543 978 1613 gestum
999 1534 1158 1605 videretur,
1193 1533 1305 1605 accidit,

239 1637 305 1680 cum
329 1619 365 1679 ad
388 1618 514 1679 insulam
537 1620 825 1699 appropinquarent,
861 1629 892 1680 ut
918 1638 1023 1696 magna
1051 1626 1212 1697 tempestas
1242 1636 1306 1678 ore-

237 1711 336 1777 retur,
365 1722 451 1782 quarn
481 1704 590 1765 evitare
620 1706 677 1765 duo
705 1714 818 1766 veteres
847 1706 1043 1783 imperatores
1076 1704 1147 1764 utile
1175 1701 1304 1763 arbitrati

196 1794 215 1852 4
238 1806 321 1850 suana
345 1787 469 1849 classem
492 1797 734 1868 suppresserunt.
783 1793 820 1849 At
842 1784 1070 1850 ille'temeraria
1099 1807 1171 1849 usus
1193 1788 1303 1851 ratione

237 1892 298 1934 non
322 1872 413 1935 cessit
434 1874 579 1934 maiorum
602 1882 671 1934 natu
694 1875 861 1935 auctoritati
884 1882 913 1934 et
935 1883 966 1933 ut
988 1874 1019 1933 in
1042 1893 1095 1934 sua
1117 1875 1208 1933 mana
1230 1879 1305 1932 esset

236 1958 368 2027 fortuna,
399 1977 457 2037 quo
488 1959 680 2018 contenderat
706 1960 841 2037 pervenit
868 1960 1031 2036 eodemque
1057 1967 1090 2019 ut
1112 1965 1304 2036 sequerentur

237 2042 484 2104 ad.·Timotheum
509 2052 538 2103 et
558 2043 737 2122 Iphicratem
761 2044 896 2105 nuntium
919 2038 1011 2104 misit.
1060 2043 1137 2102 Hinc
1170 2043 1248 2103 male
1274 2059 1302 2101 re

174 2190 185 2213 ‚
236 2134 318 2207 gesta
341 2126 544 2206 compluribus
568 2120 687 2188 arnissis
710 2128 833 2188 navibus
856 2146 891 2187 eo
914 2129 993 2188 unde
1016 2137 1079 2188 erat
1099 2129 1253 2206 prolectas
1274 2145 1303 2188 se

236 2212 344 2290 recipit
365 2211 538 2289 litterasque
560 2213 690 2273 Athenas
712 2213 831 2292 publice
853 2212 950 2283 misit,
981 2212 1038 2272 sibi
1062 2213 1194 2291 proclive
1217 2212 1303 2283 l'uisse

236 2298 356 2358 Samum
381 2313 496 2374 capere,
520 2296 578 2356 nisi
602 2315 617 2356 a
641 2298 797 2359 Timotheo
821 2305 850 2358 et
871 2297 1021 2375 Iphicrate
1051 2299 1188 2358 desertus
1220 2304 1303 2357 esset.

196 2386 213 2443 ι’)
236 2381 368 2460 Populus
391 2399 469 2451 acer,
493 2381 632 2460 suspicax
654 2383 691 2443 oh
715 2402 839 2461 eamque
860 2401 924 2442 rem
945 2382 1303 2454 mobilis,‘adversarius,

270 2558 297 2619 8.
322 2566 342 2615 l.
363 2574 516 2630 nroqnonotu.
537 2565 562 2616 S.
573 2565 741 2623 zuPnus.5‚3.
795 2540 873 2684 pont!
901 2565 936 2615 Es
960 2566 1037 2615 erhuh
1064 2567 1115 2616 sich
1142 2568 1182 2617 ein
1202 2568 1304 2631 hestiger

270 2632 356 2683 Sarnos
374 2647 431 2683 war
450 2633 516 2682 nicht
533 2634 681 2697 ehgelallen,
712 2634 745 2682 im
816 2641 888 2683 turm.
928 2633 1021 2684 Chares
1053 2635 1139 2685 wollte
1174 2637 1303 2685 dessenun·

235 2700 380 2767 Hellespont
398 2716 445 2750 nur
463 2702 570 2769 Byzanz,
601 2702 745 2751 ausserdenr
796 2703 912 2765 genehtet
946 2702 986 2751 die
1023 2702 1140 2752 Schlaeht
1175 2704 1299 2766 heginnen,

235 2768 324 2825 Chion,
352 2769 465 2828 Rhodos,
494 2770 558 2828 Kos,
590 2770 639 2820 und
666 2785 744 2832 gagen
796 2771 845 2820 und
864 2770 896 2818 da
914 2770 965 2818 sich
985 2770 1024 2819 die
1047 2771 1151 2833 uhrigen
1171 2772 1302 2821 Feldherrn

235 2836 317 2893 diese,
357 2836 423 2887 raicht
451 2853 530 2900 gagen
559 2838 655 2904 Philipp
689 2852 745 2887 war
797 2838 887 2887 dessen
904 2838 1052 2900 weigerteu,
1081 2840 1180 2889 schrleh
1200 2856 1230 2889 er
1246 2840 1300 2889 nuel

235 2902 330 2956 Chares
348 2904 698 2972 antonnacenxvtet.
795 2907 877 2956 Athea
906 2906 955 2955 und
983 2906 1154 2970 hesohuldigte
1183 2909 1222 2957 sie
1251 2909 1302 2957 dass

269 2974 292 3024 2.
315 2971 538 3029 01.106.2=aas.
560 2973 624 3024 Daca
637 2973 746 3040 lphicra-
797 2974 873 3022 durch
892 2973 946 3022 ihre
965 2974 1056 3024 Schuld
1075 2976 1115 3025 die
1129 2975 1248 3026 Schlaeht
1264 2992 1303 3024 un·

234 3048 274 3090 tes
292 3039 341 3089 und
358 3039 515 3090 Timotheus.
529 3041 583 3091 hlos
600 3041 747 3103 Rathgeher
797 3040 936 3091 terhliehen
954 3042 999 3091 sei.
1020 3043 1093 3092 Diod.
1103 3043 1161 3094 XV.
1175 3047 1216 3094 21.

235 3109 280 3157 des
308 3106 466 3171 Menestheus
498 3124 585 3158 waren
616 3110 745 3159 berichten
830 3115 970 3175 supprimere
990 3110 1143 3169 ‘aulhelten’,
1165 3112 1217 3161 wie
1237 3102 1303 3161 Caes.

234 3175 335 3227 haclone
360 3174 439 3231 nicht,
471 3176 520 3225 und
548 3191 575 3225 cs
602 3177 637 3226 ist
663 3178 746 3226 waltr-
796 3176 981 3233 h.civ.l.45‚l
1014 3184 1100 3231 hostem
1125 3185 1251 3232 insolenter
1273 3188 1304 3230 ct-

234 3241 400 3293 acheinlicher
423 3243 482 3293 dass
506 3243 542 3293 sie
566 3244 628 3293 eben
655 3259 683 3293 so
702 3253 746 3307 gut
797 3264 840 3312 qne
858 3251 941 3297 acriter
957 3256 1049 3298 nostros
1074 3252 1230 3299 insonantem
1255 3266 1302 3313 sup

234 3310 284 3362 wia
311 3309 396 3359 dieser
413 3310 550 3361 Feldheern
574 3327 669 3362 waren.
706 3312 744 3362 Zu
794 3318 881 3380 premit.
925 3313 989 3363 llirt.
1006 3314 1037 3363 de
1050 3313 1111 3363 hG
1150 3313 1233 3366 ‚V111.
1243 3315 1302 3372 422

233 3384 259 3432 in
277 3382 359 3432 consil.
378 3383 441 3431 dont.
460 3408 488 3416 -
505 3399 601 3447 qaorum
626 3399 688 3434 cons.
711 3390 744 3432 ct.
797 3399 951 3447 quoecumque
977 3387 1036 3433 enim
1060 3401 1102 3449 per
1119 3388 1195 3435 locam
1218 3387 1302 3450 proeci-

234 3445 284 3511 νεὶ.
305 3444 400 3502 Mitti.
413 3448 436 3498 2.
794 3454 866 3515 pitens
886 3454 958 3501 naisso
982 3459 1060 3512 mont,
1087 3469 1114 3503 eo
1137 3457 1212 3503 vinds
1231 3464 1251 3504 et
1267 3469 1303 3515 oq-

267 3516 291 3567 3.
312 3517 335 3567 al.
356 3514 403 3564 Die
426 3514 481 3565 hier
503 3516 630 3579 pegeheoe
648 3516 743 3565 Eruih·
794 3534 847 3580 nere
875 3535 997 3582 suppresso
1033 3524 1254 3584 comprehendebant
1280 3521 1303 3569 tt

232 3582 293 3646 luna
316 3582 347 3633 ist
375 3583 461 3633 lalseh.
499 3582 546 3633 Die
569 3584 743 3647 algetutemu
794 3590 869 3651 ipsum
887 3589 948 3650 quod
964 3591 1103 3637 morototnr.

233 3651 456 3713 Bandespenossen
467 3651 614 3714 helaqerteu
627 3651 675 3701 und
686 3666 743 3700 rer
827 3661 853 3702 nt
862 3679 891 3687 -
899 3659 1007 3717 fortuna:
1029 3653 1114 3703 ‘demit
1126 3654 1172 3704 das
1183 3653 1299 3705 cesana

232 3721 357 3770 wdsteten
384 3721 429 3769 das
453 3720 500 3768 den
518 3721 645 3770 Atheuern
668 3720 743 3782 geho-
794 3718 819 3768 in
837 3719 927 3768 seiner’
956 3720 1067 3782 (cignea,
1096 3723 1140 3771 des
1159 3721 1300 3780 Geschicksl

232 3786 413 3837 reodeSaruos.
434 3786 481 3836 Die
497 3786 744 3838 Atheniseheul'eld·
798 3785 907 3836 ‘Gewalt
929 3787 1005 3838 ware’
1029 3789 1086 3838 (lh.
1107 3791 1186 3841 demit
1209 3808 1238 3841 es
1259 3788 1299 3839 nit

233 3855 309 3905 herro
333 3854 446 3905 schillten
470 3856 533 3905 nach
550 3856 664 3922 Byaaun
682 3850 744 3905 'die-
795 3855 850 3904 dem
868 3854 963 3905 Chares
980 3858 1042 3906 nach
1057 3858 1174 3907 Beliehea
1192 3858 1299 3908 schaltea

233 3937 276 3973 aar
293 3922 367 3973 suta
389 3922 466 3973 eilten
488 3922 531 3973 die
556 3924 744 3986 Bandesgenos-
781 3923 900 3977 *aonam
919 3939 974 3974 was
992 3924 1300 3990 nichtrnoglichgeweeca
1323 3972 1328 3981 ,

234 4004 279 4039 eeu
296 4006 344 4039 roa
363 3991 450 4041 Sarnos
468 4005 513 4040 aas
531 4006 562 4040 ιιι
579 3990 662 4045 lltille.
693 3990 743 4040 aad
793 3994 871 4047 wire,
898 4007 971 4040 weun
989 4008 1019 4042 er
1036 3993 1103 4043 nicht
1119 3994 1197 4045 dalaia
1220 3993 1300 4046 wellin

234 4056 276 4108 elle
299 4057 398 4109 l‘lottea
421 4058 503 4108 tnlea
519 4058 573 4109 sich
589 4059 623 4109 ἰιι
647 4058 745 4109 Helles·
794 4073 824 4107 er
839 4059 927 4109 wollte
944 4060 1046 4124 gelarent
1060 4065 1138 4113 wire.
