2750 4768
182 427 244 489 tro
584 440 670 493 xxv.
689 439 840 493 nrncrs.
860 443 886 492 s.

220 591 346 672 privatis
374 593 519 672 pecunias
533 612 602 672 per
628 594 773 673 epistolas
800 595 977 673 imperaret,
1007 592 1079 653 huic
1106 609 1168 652 non
1198 592 1303 653 sotum

223 676 369 737 molestus
392 696 452 738 nou
475 679 567 738 inerit
587 679 641 739 sed
663 680 754 739 etiam
776 678 1003 739 sororisfflinm
1020 676 1301 749 concentonem

223 779 258 822 ex
287 761 424 840 Pompeii
458 763 567 823 castris
595 763 791 824 concesserit.
835 764 887 824 Sic
918 771 1019 823 vetere
1050 762 1187 825 instituto
1218 762 1302 823 vitae
1351 766 1355 785 ¹

222 845 328 922 effugit
349 864 424 906 nova
447 847 591 925 pericula.

179 924 203 994 8
310 930 451 991 Secutum
473 944 522 992 est
542 932 614 992 iliud
637 932 740 992 occiso
763 931 900 1004 Caesare,
922 950 990 992 cnm
1012 929 1183 1008 respublica
1201 947 1301 1007 penes

218 1012 328 1074 Brutos
349 1015 500 1076 rideretur
527 1035 596 1077 esse
623 1026 654 1078 et
675 1018 812 1077 Cassium
842 1035 877 1076 ac
903 1025 967 1076 tota
993 1016 1099 1076 civitas
1127 1033 1161 1074 se
1184 1013 1222 1073 ad
1244 1032 1302 1074 eos

181 1101 200 1158 2
223 1099 408 1160 convertisse
435 1100 595 1167 videretur.
647 1102 758 1162 Sient.
780 1102 873 1161 Bruto
900 1119 974 1161 usus
1003 1108 1049 1160 est
1077 1108 1109 1159 ut
1135 1098 1218 1160 nutto
1247 1097 1332 1167 itte,

220 1181 398 1243 adolescens
427 1185 542 1263 aequati
573 1186 750 1246 familiarius
777 1204 866 1263 quam
893 1186 951 1245 hoc
980 1202 1055 1245 sene
1079 1201 1177 1261 noque
1200 1182 1301 1242 solum

181 1269 290 1327 deum
312 1268 481 1347 principem
504 1269 624 1330 consilii
646 1268 771 1330 haberet
792 1270 845 1330 sed
868 1269 957 1330 etiam
987 1268 1017 1328 in
1047 1267 1196 1329 convictu.
1238 1266 1299 1327 Ex·
1365 1272 1366 1331 i

222 1349 382 1427 cogitatum
416 1363 463 1413 est
490 1373 507 1413 a
536 1353 715 1432 quibusdam
742 1363 776 1414 nt
806 1354 954 1433 privatum
982 1352 1130 1413 aerarium
1159 1350 1301 1412 Caesaris

224 1433 468 1497 interfectoribus
490 1437 526 1498 ab
550 1438 862 1517 equitibusBomauis
884 1438 1124 1499 constitueretur.
1160 1436 1194 1496 ld
1210 1434 1302 1496 facile

224 1517 304 1578 effici
328 1538 419 1597 posse
441 1521 577 1582 arbitrati
600 1532 679 1595 sunt,
703 1523 729 1582 si
751 1523 906 1602 principes
928 1523 994 1582 eius
1016 1521 1132 1581 ordinis
1153 1519 1302 1598 pecunias

224 1601 432 1665 contulissent.
476 1606 580 1684 ltaque
603 1607 771 1685 appellatos
794 1615 841 1666 est
862 1626 878 1666 a
902 1608 935 1668 C.
956 1606 1075 1676 Flavio,
1104 1603 1188 1665 Bruti
1211 1603 1301 1664 fami·
1366 1640 1367 1707 p

182 1684 647 1755 ⁴1iiori,htticnsuteiusrei
675 1691 818 1769 princeps
846 1709 914 1751 esse
940 1689 1039 1750 veliet.
1087 1688 1123 1750 ΑΙ
1151 1688 1216 1759 itte,
1247 1688 1299 1766 qni
1366 1708 1367 1753 t

224 1768 323 1830 officia
346 1771 452 1832 amicis
474 1775 654 1851 praestanda
678 1776 744 1835 sine
767 1775 897 1836 factione
919 1775 1103 1835 existimaret
1119 1790 1311 1855 semperque·
1366 1764 1367 1829 ἶ

225 1872 241 1912 a
264 1854 375 1916 talibus
397 1874 430 1916 se
453 1858 590 1918 consiliis
618 1858 813 1932 removisset,
843 1859 1015 1937 respondit:
1043 1856 1162 1936 siquid
1190 1857 1300 1917 Brutus

158 1996 165 2001 .
225 1935 263 1996 de
286 1939 350 2000 suis
371 1940 563 2003 facultatibus
585 1943 627 2003 uti
651 1939 802 2015 voluisset,
827 1962 949 2003 usurum
972 1951 1114 2020 quantum
1137 1942 1192 2000 hae
1215 1951 1320 2020 pute·¹

223 2031 342 2097 rentnr3
365 2025 418 2086 sed
441 2044 540 2105 neque
562 2046 629 2088 oum
653 2047 803 2107 quoquam
825 2029 864 2087 de
885 2046 919 2088 ea
942 2046 976 2088 re
1001 2026 1217 2087 collocuturum
1245 2042 1298 2086 ne·

225 2124 283 2197 que
306 2109 463 2170 coitnrum.
509 2111 632 2173 Sicilie
655 2112 865 2173 consensionis
888 2111 994 2189 globus
1016 2110 1106 2171 huius
1128 2110 1218 2170 unius
1235 2110 1298 2169 dis·
1367 2148 1368 2189 4

185 2192 368 2253 hsensione
401 2194 546 2256 disiectus
579 2205 634 2257 est,
688 2197 791 2275 Neque
829 2197 921 2256 mutto
958 2205 1028 2274 post
1059 2194 1199 2272 superior
1230 2212 1298 2254 esse
1367 2216 1368 2257 ι

226 2275 326 2353 coepit
347 2279 504 2351 Antonius,
527 2281 566 2340 its
590 2289 623 2340 ut
646 2282 754 2341 Brutus
778 2292 806 2341 et
829 2280 952 2341 Cassius
973 2279 1196 2359 provinciarum
1223 2296 1299 2355 quae

225 2356 274 2417 his
296 2359 373 2420 dicis
401 2380 490 2423 cansa
520 2365 606 2424 datae
635 2376 721 2426 erant
742 2384 758 2425 a
781 2366 904 2426 consule
1014 2363 1181 2443 desperatis
1208 2362 1299 2422 rehus

224 2524 329 2573 wurdeu
353 2527 436 2591 einige
460 2530 560 2582 Monate
583 2535 676 2584 vcrher
693 2535 736 2583 he·
788 2532 879 2594 hsngig
895 2548 927 2581 zu
945 2526 1049 2580 denhen.
1083 2531 1175 2591 Brutus
1192 2546 1216 2579 u.
1238 2528 1299 2579 Cns-
1368 2550 1370 2589 ι

224 2591 328 2669 gnadigt
350 2595 414 2646 ohne
437 2597 546 2649 Einfloss
569 2600 613 2651 des
638 2601 736 2652 Atticus
787 2600 839 2650 sius
858 2601 943 2650 hatten
960 2600 1012 2648 sich
1037 2599 1106 2648 ihrer
1126 2597 1298 2663 persdnlichcn
1367 2612 1369 2651 t

223 2658 287 2719 (Cic.
298 2661 388 2713 nddtt.
397 2663 443 2715 Xl.
453 2668 492 2723 20,
506 2670 538 2727 1).
788 2667 929 2717 Sicherheit
944 2682 1034 2729 wegen
1046 2681 1095 2715 ron
1104 2665 1166 2715 Boni
1178 2665 1297 2715 entfernt.

258 2721 287 2782 8·
311 2731 333 2779 1.
355 2746 378 2781 n.
389 2748 412 2781 u.
423 2736 480 2791 itt),
490 2750 514 2783 v.
526 2734 570 2786 Ch.
579 2739 620 2788 tt.
788 2734 830 2786 Sic
848 2750 936 2784 waren
950 2734 1017 2783 ¹uhtu
1027 2734 1149 2783 Pratoreu
1167 2733 1217 2781 und
1230 2734 1301 2782 duri-

191 2818 198 2834 ·
256 2798 424 2863 iliud:'jener
441 2801 565 2854 bekannte
583 2804 704 2854 Zustand.
788 2811 829 2852 ten
847 2802 885 2851 uls
909 2801 993 2851 solche
1017 2802 1085 2850 nieht
1104 2801 1193 2862 linger
1210 2800 1246 2850 als
1268 2804 1314 2852 ld.

257 2865 357 2919 Brutos:
381 2868 427 2917 der
445 2867 477 2917 irn
495 2870 582 2935 Folgd.
609 2873 677 2922 diter
697 2887 736 2921 er·
786 2868 1072 2932 Tngeahwesendsein.
1092 2867 1299 2924 Beshalhwnrdc

224 2929 325 3006 Wt'thsste
351 2933 385 2984 M.
412 2936 504 2986 Brutus
533 2955 558 2988 ιι.
586 2939 624 2989 lt„
644 2941 736 2989 Brutus
787 2937 833 2987 anf
839 2938 937 2999 Antrng
954 2938 998 2986 des
1011 2936 1132 2985 Antonius
1150 2935 1225 2984 ihnen
1242 2951 1299 2984 vom

224 2995 338 3048 Albinus.
788 3004 866 3055 Senot
884 3005 1047 3066 deerBrag
1065 3002 1168 3053 ertheilt
1179 3003 1300 3052 Getraide

234 3067 374 3120 (videretur
388 3097 420 3108 ·-
434 3075 557 3123 uideretur.
588 3073 614 3124 S.
631 3073 733 3124 zuDat.
788 3074 850 3122 nach
868 3072 930 3121 Rom
948 3088 979 3121 zu
997 3071 1119 3129 scirnisca,
1143 3070 1235 3120 Brutus
1253 3085 1298 3119 aus

227 3131 285 3189 5,6.
378 3174 384 3181 -
788 3140 872 3197 Asieu,
895 3140 996 3189 Cassius
1015 3155 1059 3188 aus
1078 3137 1193 3195 Sicilien,
1222 3137 1300 3188 deruit

260 3199 283 3248 B.
309 3199 361 3250 Bos
390 3201 445 3251 hier
469 3201 579 3267 Gesngt'e
608 3207 642 3256 ist
671 3209 738 3267 uidit
789 3208 922 3257 hierdurch
947 3208 993 3256 der
1016 3208 1103 3256 wahrc
1122 3206 1208 3255 Grnnd
1231 3205 1301 3254 ihrer

225 3264 281 3315 hlos
295 3284 342 3317 von
362 3270 407 3319 der
425 3268 462 3335 §1
486 3271 663 3325 bezeichneten
682 3292 738 3326 son·
788 3274 967 3324 Abwesenheit
983 3275 1104 3324 verdceht
1121 3274 1208 3322 werde
1233 3271 1298 3336 (Cic.
1327 3325 1338 3336 „

207 3333 289 3413 'dcrn
313 3337 375 3386 noch
399 3354 447 3387 von
477 3338 593 3392 srdherer
616 3343 673 3394 Zeit
696 3359 738 3407 ge·
788 3344 879 3392 autre
889 3342 946 3393 XV.
957 3342 1131 3394 stultis
1141 3340 1206 3390 Phil.
1216 3339 1297 3398 tntu

226 3412 310 3454 meunt.
788 3412 839 3473 31).
860 3411 907 3463 Mit
924 3429 939 3462 c
956 3414 1049 3462 console
1066 3409 1099 3457 ist
1117 3408 1240 3458 Antonius
1257 3423 1302 3470 ge-

191 3480 197 3485 '
259 3481 392 3539 ret-sene,
412 3475 486 3525 niirnl.
506 3488 615 3530 uteretur.
788 3480 877 3536 meint‚
915 3476 1027 3526 welcher
1052 3477 1114 3525 kurz
1138 3477 1231 3545 vcrher
1261 3490 1302 3525 er·

260 3542 285 3590 d.
305 3539 344 3591 Du
367 3559 398 3593 zo
422 3548 588 3598 collocuturum
612 3563 635 3596 u.
664 3552 739 3600 coito-
787 3547 874 3595 wdhnt
892 3545 926 3594 ist
948 3545 998 3595 und
1018 3561 1067 3595 von
1086 3545 1133 3594 den
1151 3544 1218 3592 zwei
1237 3543 1301 3592 Con-

140 3650 146 3661 .
225 3624 276 3657 rom
294 3607 373 3666 nicht,
400 3612 450 3661 wie
469 3629 500 3662 zu
517 3632 620 3678 osorum,
645 3616 738 3665 Brutus
788 3614 844 3665 suln
873 3614 915 3663 die'
944 3613 1116 3678 Heoptperson
1142 3626 1211 3667 war3
1250 3610 1301 3660 und

227 3674 334 3725 sondern
353 3679 451 3730 Atticus
469 3681 574 3746 Suhject
591 3682 631 3742 ist,
658 3698 686 3732 so
704 3682 738 3733 ist
789 3683 847 3732 dass
866 3697 900 3731 er
918 3681 958 3730 die
976 3680 1115 3729 Provinzcn
1137 3679 1249 3740 gegeben
1268 3678 1303 3728 ist

228 3742 289 3790 uueh
314 3749 357 3796 red
378 3748 436 3798 hort
459 3769 483 3802 re
507 3749 678 3813 cusgelassen.
709 3750 734 3802 S.
789 3757 883 3813 gcsugt,
911 3747 972 3797 weil
989 3763 1016 3797 es
1035 3747 1081 3796 unf
1093 3745 1185 3795 vseinen
1203 3747 1303 3808 Antrag

228 3808 318 3860 zuPel.
328 3815 350 3871 4,
362 3816 385 3865 3.
678 3872 681 3877 y
788 3819 912 3881 geschehn
934 3830 998 3866 war.
1035 3815 1100 3864 Dnss
1123 3814 1160 3863 sie
1184 3813 1223 3862 ins
1241 3811 1302 3862 Exi!

261 3878 284 3927 h.
304 3876 351 3929 Die
362 3880 448 3933 Liichc
467 3884 500 3933 ist
517 3893 586 3934 ctwa
601 3886 678 3935 durch
697 3884 738 3934 die
788 3886 878 3949 ginpen
896 3884 1025 3934 erkiirten
1043 3883 1144 3932 Brutus
1153 3896 1178 3929 u.
1197 3880 1302 3930 Cassius

226 3941 321 3995 Worte
340 3954 450 4003 destituto
463 3956 663 4005 administratione
680 3968 738 4003 nus·
788 3953 813 4002 in
843 3968 889 4001 vor
918 3953 987 4001 ihrer
1017 3949 1123 4000 Abreise
1154 3948 1302 3999 criassener

228 4009 336 4063 zututten
348 4016 398 4066 und
411 4019 492 4073 davon
507 4026 678 4089 prouinciarum
695 4021 738 4070 ah·
789 4019 976 4084 Edichen(Vell.
986 4018 1016 4070 ll.
1026 4020 1066 4076 62,
1077 4019 1117 4080 3),
1137 4016 1175 4066 sic
1185 4016 1303 4070 henrich·
