2750 4768
82 392 85 399 ’
187 400 247 469 172
574 406 658 459 xxv.
679 378 829 459 urricus.
850 408 920 458 3.·4.

184 559 207 631 8
314 561 371 623 Hic
385 569 483 623 autem
494 561 540 620 sic
551 579 584 621 se
595 560 719 637 gerebat
729 567 762 621 ut
774 559 943 620 communis
953 548 1075 630 infimis,
1090 578 1145 637 par
1153 559 1295 637 principi-

226 648 284 708 bus
305 647 465 707 videretur.
510 645 577 715 Quo
600 646 709 705 lactum
733 651 780 705 est
802 652 833 704 ut
853 643 924 704 huic
946 662 1050 703 omnes
1072 644 1206 704 honores
1228 662 1297 722 quos

212 742 352 811 possent
372 730 492 808 publice
514 729 661 789 haberent
682 729 837 807 civemque
858 728 1144 799 lacerestuderen13
1168 746 1227 805 quo
1249 727 1296 789 be·
1330 770 1333 773 -

184 834 190 843 ’
227 816 335 876 neficio
358 814 408 874 ille
432 813 474 873 uti
497 815 602 883 noluit,
627 811 865 891 quodnonnulli
889 812 929 872 ita
953 811 1186 889 interpretantur
1209 811 1296 872 amitti

186 903 204 960 2
226 900 377 960 civitatem
400 899 563 958 Romanam
585 897 643 957 alia
666 898 771 958 ascita.
826 896 975 968 Quamdiu
998 897 1082 957 alluit
1103 915 1141 957 ne
1165 914 1222 980 qua
1245 895 1296 956 sibi

226 991 324 1045 statua
344 994 510 1061 poneretur
530 981 657 1054 restitit3
686 982 795 1043 absens
822 980 984 1059 prohibere
1011 999 1071 1040 non
1092 980 1201 1059 potuit.
1245 981 1297 1040 lta-

228 1087 285 1148 que
308 1067 423 1145 aliquot
444 1066 556 1145 ipsi-et
566 1066 691 1126 Phidiae
708 1065 784 1126 locis
806 1064 1007 1126 sanctissimis
1022 1073 1202 1142 posuerunt:
1226 1065 1298 1125 hunc

146 1194 150 1202 ·
228 1153 308 1214 enim
331 1149 466 1212 inomni
489 1150 701 1229 procuratione
722 1148 905 1227 reipublicae
927 1158 1067 1210 actorem*
1091 1158 1298 1226 auctoremque

187 1237 388 1298 3babebant.
432 1234 526 1312 igitur
547 1234 677 1312 primum
704 1234 777 1295 illud
805 1252 913 1294 munus
943 1235 1079 1294 fortunae
1110 1233 1191 1311 quod
1217 1234 1247 1293 in
1268 1252 1298 1294 ea

227 1320 419 1401 potissimum
442 1319 516 1379 urbe
538 1328 625 1380 natus
647 1312 694 1380 est
716 1319 747 1379 in
770 1338 826 1397 qua
851 1317 1035 1378 domicilium
1058 1318 1141 1378 orbis
1159 1327 1298 1378 terrarum

229 1413 311 1467 esset
333 1402 461 1481 imperii,
484 1411 516 1463 ut
538 1403 663 1463 eandem
686 1400 986 1483 propriam'haberet
1001 1403 1138 1473 domum3
1161 1402 1221 1461 hoc
1237 1420 1298 1480 spe-

228 1490 327 1549 cimen
349 1486 528 1565 prudentiae
549 1488 639 1564 quod,
662 1506 729 1548 cum
752 1488 782 1548 iu
799 1505 871 1548 eam
895 1506 928 1548 se
951 1487 1100 1547 civitatem
1127 1487 1299 1547 contulisset

230 1591 307 1651 quae
334 1571 525 1648 antiquitate,
554 1572 738 1633 humanitate
767 1572 963 1650 doctrinaque
992 1578 1158 1651 praestaret
1190 1589 1298 1642 omnes,

188 1720 194 1727 ,
230 1675 307 1720 unus
330 1655 358 1715 ei
380 1656 437 1715 luit
459 1655 645 1721 carissimus.

187 1737 208 1805 4
315 1740 380 1799 Huc
402 1759 437 1798 ex
458 1739 528 1799 Asia
552 1740 633 1800 Sulla
661 1739 811 1800 decedens
840 1758 907 1800 cnm
928 1739 1069 1811 venisset,
1098 1739 1242 1817 quamdiu
1263 1737 1299 1799 ibi

230 1825 288 1885 luit
309 1842 411 1884 seeum
439 1824 544 1884 habuit
562 1824 764 1901 Pomponium
794 1833 898 1902 captus
923 1823 1126 1885 adolescentis
1149 1835 1180 1884 et
1202 1825 1299 1884 burna·

230 1909 323 1982 nitate
346 1917 376 1967 et
398 1908 542 1968 doctrina.
593 1908 645 1967 Sic
674 1908 754 1968 enini
783 1908 894 1968 Graece
921 1908 1100 1987 loquebatur
1128 1916 1159 1969 ut
1180 1907 1299 1968 Athenis

131 2063 134 2068 ¹
230 2002 318 2071 natus
340 1992 509 2062 videretur3
542 2000 622 2053 tanta
652 2002 752 2053 autem
780 1992 910 2052 suavitas
939 2002 1002 2057 erat
1029 1992 1179 2053 sermonis
1206 1991 1300 2053 Latini
1359 2013 1360 2022 ¹

170 2100 174 2105 ·
231 2086 264 2139 ut
286 2086 450 2157 appareret
466 2076 496 2137 in
520 2095 556 2136 eo
580 2077 710 2138 nativum
734 2078 882 2154 quendam
905 2078 1038 2155 leporem
1057 2095 1134 2148 esse,
1152 2095 1213 2136 nou
1230 2074 1300 2136 asci-

232 2171 304 2222 tum.
346 2161 429 2221 idem
452 2168 589 2239 poemata
611 2161 825 2239 pronuntiabat
847 2170 876 2221 et
898 2160 1009 2221 Graece
1032 2169 1062 2221 et
1078 2161 1185 2221 Latine
1209 2161 1254 2221 sic
1273 2167 1302 2219 ut

191 2249 322 2322 2supra
345 2245 417 2304 nihil
443 2253 546 2322 posset
567 2245 647 2305 addi.
703 2245 818 2317 Quibus
847 2245 936 2306 rebus
968 2246 1078 2306 lactum
1101 2252 1204 2305 estut
1227 2244 1301 2306 Sulln

232 2346 377 2406 nusquam
401 2328 437 2388 ab
461 2348 493 2388 se
517 2328 680 2389 dimitteret
702 2337 883 2407 cuperetque
912 2348 1015 2390 secum
1043 2329 1203 2390 deducere.
1249 2327 1301 2402 Qui

266 2522 294 2582 8.
317 2530 339 2578 1.
361 2529 570 2579 Hic-uideretur.
598 2527 743 2592 Uupasscud
794 2534 819 2581 in
836 2547 929 2580 numero
946 2533 1049 2581 indicum
1073 2537 1140 2594 utque
1158 2532 1302 2595 Areopoqite-
1325 2530 1329 2537 ’

167 2644 169 2649 ,
231 2594 298 2644 wird
323 2594 377 2644 hier
399 2610 448 2644 von
473 2595 528 2643 dem
555 2594 680 2656 Retragen
699 2596 743 2645 des
789 2615 852 2658 rum,
872 2601 1020 2655 certatricis,
1047 2606 1106 2648 certo
1124 2614 1229 2660 niimne,
1257 2615 1303 2650 nm

232 2661 330 2712 Atticus
348 2662 381 2710 itn
398 2661 569 2724 hilgemeinen
587 2661 624 2710 als
642 2678 691 2712 von
709 2662 755 2711 ei—
794 2668 934 2729 iquornrent,
961 2669 988 2714 si
1004 2667 1070 2715 illum
1094 2668 1209 2715 ciuitatem
1233 2672 1303 2715 essent

232 2745 287 2778 nem
318 2744 398 2778 neuen
422 2729 502 2778 Punot
533 2730 645 2791 genedet.
682 2728 743 2779 Dies
795 2735 879 2797 adepti,
909 2736 967 2783 hanc
994 2749 1019 2781 se
1040 2734 1178 2795 perdidisse.
1222 2734 1303 2782 Peritos

232 2804 325 2847 musste
344 2798 424 2855 e.2‚3
442 2797 602 2847 uriterwiibut
628 2799 741 2847 werden.
794 2798 846 2850 ne'ro
865 2802 939 2849 nestri
955 2802 1015 2849 iuris
1032 2817 1059 2850 nc
1076 2802 1148 2848 moris
1175 2817 1240 2849 nemu
1256 2815 1303 2849 nm·
1363 2804 1365 2887 1

267 2869 399 2917 eommunis.
418 2864 445 2914 S.
455 2864 556 2915 zulllilt.
567 2867 590 2921 8,
601 2866 626 2915 4.
796 2884 862 2932 quom
881 2870 921 2931 qui
939 2870 997 2917 hunc
1015 2869 1128 2917 civitatem
1144 2869 1244 2916 retinere
1260 2868 1303 2916 nel-

267 2935 328 2996 qnod
355 2936 461 2983 nonnulli
489 2938 522 2983 ito
551 2937 744 2997 interpretantur:
795 2936 826 2984 let
843 2937 868 2983 in
886 2938 957 2984 olium
974 2937 1087 2984 civitatem
1105 2950 1129 2983 so
1147 2936 1241 2984 dicauit.
1304 2961 1306 2967 ι

236 2996 416 3060 ‘weitlcintge
443 2999 494 3047 die
521 2998 664 3061 Erhlirung
687 2999 745 3062 ¹(dcis
830 3000 854 3049 2.
881 3005 956 3051 tnnc:
982 2999 1031 3048 den
1061 2998 1172 3048 Phidias.
1218 2998 1304 3048 Dieser

176 3064 185 3079 ²
233 3063 335 3126 Rechts)
371 3064 465 3127 gebeu’.
503 3065 555 3115 Cic.
565 3064 628 3114 Phil.
638 3065 683 3115 lX.
696 3068 743 3123 ta
795 3066 870 3116 Munn
879 3066 912 3117 ist
921 3067 1152 3116 soustunbekunnt.

234 3149 274 3196 epo
299 3135 333 3182 sic
359 3137 495 3198 interpretor
518 3138 618 3184 sensisse
645 3139 744 3185 maiores
829 3136 853 3185 3.
873 3153 956 3186 munus
972 3133 1242 3200 [ortunae.·Ueberdus
1255 3134 1304 3183 leb-

225 3206 325 3250 ·nestrns
348 3208 373 3249 nt
396 3217 488 3251 consum
511 3204 590 3251 mortis
608 3199 744 3263 {censuerint
794 3200 868 3250 lende
886 3211 920 3253 est
937 3218 958 3252 s.
969 3200 1097 3251 zuThrus.
1108 3203 1130 3259 3,
1142 3204 1166 3252 2.
1208 3226 1212 3231 ·

232 3264 280 3316 non
298 3282 368 3328 penus
387 3283 437 3317 esse
456 3271 625 3332 quoerendum;
643 3267 741 3317 auram.
830 3273 1017 3321 domicilium-
1033 3274 1132 3335 hesperii.
1176 3269 1229 3318 Cic'.
1244 3266 1302 3317 del.

156 3374 159 3379 .
233 3330 350 3388 Xtt.3‚2
368 3336 442 3398 leqeto
467 3344 504 3385 tuo
528 3337 636 3386 uiaticum
653 3340 744 3402 eripue—
795 3336 955 3398 agr.l.d,l9
972 3340 1079 3388 uidebant
1094 3340 1304 3402 urbemipsumim-

232 3409 294 3451 runt.
314 3404 374 3458 Ouid
391 3419 430 3453 eos
441 3405 586 3467 interpretari
596 3411 673 3467 putas,
694 3421 745 3454 cum
792 3400 858 3470 perio
878 3408 1020 3456 domicilium
1034 3409 1145 3470 praebere
1161 3422 1240 3469 posse.

234 3471 276 3519 hoc
295 3472 403 3532 fuciunt?
426 3468 459 3519 lu
477 3473 566 3520 hostem
586 3473 674 3521 scilicet
690 3488 746 3535 por·
828 3476 946 3537 propriam
964 3476 1061 3522 domum.
1093 3469 1140 3519 bie
1159 3469 1305 3532 eigentliche

233 3539 286 3585 tori.
314 3533 453 3597 Uebrigcns
470 3549 558 3584 waren
577 3551 624 3585 nur
641 3535 683 3585 die
701 3537 745 3586 des
797 3537 911 3588 Heimath
936 3539 1003 3588 steht
1030 3537 1063 3587 im
1087 3535 1230 3599 Gegeusatz
1254 3551 1306 3587 zum

233 3600 326 3651 Rechts
339 3601 501 3664 Uulrundigen
519 3604 628 3652 anderer
646 3603 683 3652 als
700 3604 747 3653 der
797 3604 967 3668 zeitweiligcn
990 3604 1192 3654 Aulenthaltsort
1208 3615 1306 3661 lenm-

234 3668 289 3717 hier
306 3670 482 3731 angegebeneu
505 3670 617 3728 Ansicht,
645 3671 693 3720 und
711 3669 743 3721 N.
797 3678 949 3735 comulisset).
989 3671 1304 3729 Cic.adlatu.XVl.l'l‚l

233 3736 302 3797 zeigt
319 3736 430 3786 dadureh
449 3738 507 3787 dass
525 3754 555 3788 er
572 3737 683 3787 dieselbe
700 3752 747 3788 nur
798 3745 835 3792 cui
852 3746 920 3793 verbo
940 3745 1081 3792 domicilium
1098 3750 1132 3791 est
1149 3745 1268 3806 proprium
1283 3741 1306 3788 in

234 3802 496 3865 Eiuigensszusohreibt
514 3806 573 3855 duss
583 3820 612 3854 er
623 3821 652 3853 zu
668 3807 746 3869 jencn
797 3812 881 3872 officio,
900 3813 1049 3869 miprationes
1066 3812 1090 3858 in
1107 3811 1208 3873 alienum
1216 3810 1306 3858 multoe.

234 3869 397 3934 Unltundigeu
426 3873 538 3934 gehdrte.
577 3872 743 3937 mephath.
831 3871 858 3929 4.
881 3873 1190 3932 hermundum.

236 3939 318 3994 1230
351 3945 400 3991 nidi
430 3950 515 4005 eqomet
532 3945 656 3993 nonnullos
673 3946 745 4006 impe·
831 3947 971 3994 humanitate
1005 3952 1026 3994 et
1061 3946 1133 3994 doctr.
1175 3938 1306 3990 Dieselbcn

234 4009 292 4056 ritus
310 4010 421 4070 homiues,
448 4017 540 4058 nostros
559 4011 626 4070 ciues,
652 4011 745 4059 Athenis
796 4006 891 4058 Wortc
916 4010 979 4058 hurz
1005 4009 1118 4079 vorhem
1144 4009 1170 4059 S.
1180 4008 1239 4061 Det.
1248 4011 1270 4065 b.
1280 4007 1303 4057 d·
