2742 4766
365 426 367 430 ¹
459 466 540 517 xrur.
560 466 726 519 narsum.
747 470 771 518 s.
992 440 1005 447 “
1133 454 1181 518 tt·

14 664 18 679 ι
62 632 171 687 uatum.
217 618 301 695 Qua'e
323 621 393 682 dum
416 621 596 699 speculatur,
619 620 762 682 adrentus
784 620 849 680 eius
871 639 960 682 causa
976 623 1133 698 cognusci-

63 716 117 769 tur.
162 706 280 768 Pisidas
308 706 448 783 cumeis
477 724 552 784 quos
583 723 684 766 secum
712 700 842 769 habebat
868 706 905 766 ad
934 706 1133 770 resistendum

62 792 149 871 Aspis
173 800 336 871 comparat.
356 844 358 853 ,
379 790 412 852 ld
432 790 573 873 Datames
596 790 647 851 ubi
670 790 795 863 audiuit,
825 808 906 852 arrna
928 792 1033 863 sumit,
1062 810 1134 854 suos
1158 798 1177 855 5

63 876 275 955 sequiiubet3
305 876 370 955 ipse
392 894 470 953 equo
494 875 643 936 concitato
667 876 703 935 ad
726 875 843 936 hostem
865 875 991 936 vehitur.
1037 875 1132 948 Quem

62 963 164 1041 procul
187 962 276 1041 Aspis
300 960 499 1040 conspiciens,
514 960 551 1020 ad
574 979 607 1020 se
630 961 776 1021 serentem
798 959 984 1038 pertimescit
1006 968 1094 1039 atque
1117 981 1133 1024 a
1233 1011 1236 1017 .

63 1055 170 1108 conatu
194 1046 362 1107 resistendi
397 1045 558 1107 deterritus
591 1064 660 1107 sese
696 1044 820 1106 dedidit
874 1044 960 1106 Hunc
995 1046 1134 1108 Datames

61 1123 191 1193 rincturn
214 1132 250 1192 ad
273 1149 372 1209 regem
397 1130 565 1191 ducendum
587 1129 678 1190 tradit
698 1130 871 1191 Mithridati.

144 1216 226 1278 Haec
254 1217 322 1276 dum
353 1224 512 1293 geruntur,
542 1216 717 1276 Artaxerxes
747 1215 946 1276 reminiscens
975 1233 991 1274 a
1022 1222 1132 1293 quanto
1156 1208 1176 1278 5

61 1300 138 1363 bello
163 1302 199 1362 ad
223 1319 311 1379 quam
333 1319 452 1379 parvam
474 1319 538 1360 rem
559 1299 726 1379 principem
749 1301 856 1361 ducum
872 1298 1005 1362 misisset
1020 1318 1052 1361 se
1068 1299 1134 1379 ipse

61 1385 254 1464 reprehendit
276 1394 306 1447 et
327 1385 465 1446 nuntium
487 1384 525 1446 ad
547 1385 708 1461 exercitum
731 1387 811 1446 Acen
834 1384 926 1455 misit,
956 1384 1036 1463 quod
1059 1403 1134 1445 non·

61 1471 130 1535 dum
153 1472 298 1532 Datamen
319 1471 486 1549 profectum
508 1469 646 1548 putabat,
675 1469 726 1548 qui
749 1471 862 1530 diceret
883 1488 920 1529 ne
944 1469 980 1529 ab
1003 1470 1135 1531 exercitu

61 1555 241 1616 discederet.
289 1555 347 1615 Mic
375 1554 549 1634 priusquam
578 1555 746 1633 perveniret
782 1573 841 1633 quo
875 1561 938 1615 erat
970 1555 1133 1634 profectus,

61 1639 91 1700 in
114 1639 223 1701 itinere
246 1640 383 1700 convenit
405 1640 455 1718 qui
473 1638 575 1718 Aspim
599 1639 757 1700 ducebant.
803 1639 867 1712 Qua
886 1630 1043 1725 celeritate
1066 1659 1133 1701 cum
1157 1646 1175 1702 2

61 1742 198 1802 magnam
220 1723 458 1797 benevolentiam
480 1724 560 1802 regis
582 1725 721 1785 Datames
750 1733 928 1785 consecutus
951 1732 1046 1798 esset,
1074 1743 1134 1787 non

62 1809 207 1870 minorem
231 1809 371 1871 iuvidiam
394 1809 558 1870 aulicorum
582 1809 714 1888 excepit,
748 1810 798 1887 qui
821 1809 904 1870 illum
927 1827 1018 1870 unum
1039 1810 1134 1889 pluris

64 1913 150 1973 quam
179 1912 212 1954 se
243 1892 347 1955 omnes
376 1894 441 1955 lieri
471 1894 622 1956 videbant.
675 1893 741 1966 Quo
771 1895 848 1969 lacto
879 1895 977 1956 cuncti
1007 1895 1133 1957 adeum

11 1976 13 2003 ²
64 1979 290 2058 opprimendum
314 1988 540 2040 consenserunt.
591 1980 673 2041 llaec
700 1979 886 2050 Pandantes,
915 1997 1004 2056 gazae
1033 1989 1133 2042 custos
1158 1988 1175 2044 3

61 2064 171 2141 regiae,
195 2064 308 2124 amicus
330 2064 460 2134 Datami,
493 2063 659 2143 perscripta
684 2064 712 2123 ei
734 2063 838 2134 mittit,
862 2064 893 2123 in
916 2063 1024 2142 quibus
1047 2064 1135 2126 docet
1171 2094 1175 2103 ·

63 2166 128 2209 eum
149 2167 259 2226 magno
281 2149 346 2208 lore
368 2149 517 2227 periculo,
546 2148 572 2209 si
596 2150 666 2227 quid
690 2148 742 2208 illo
765 2149 929 2227 imperante
958 2149 1074 2210 adversi
1102 2151 1134 2210 in

62 2232 192 2312 Aegypto
215 2225 384 2307 accidisset.
428 2233 562 2311 Namque
584 2252 649 2295 eam
674 2251 740 2293 esse
759 2233 1005 2294 cousuetudinem
1021 2234 1132 2311 regiam
1156 2245 1174 2298 4

63 2310 93 2378 ul
114 2337 204 2379 casus
220 2319 361 2378 adversus
378 2317 550 2378 hominibus
566 2318 704 2391 tribuant,
728 2319 877 2379 secundos
895 2319 1029 2380 fortunae
1046 2338 1132 2395 suae3

65 2421 119 2482 quo
143 2403 209 2462 fieri
238 2412 270 2463 ut
300 2402 387 2464 lacile
416 2402 605 2482 impellantur
636 2404 671 2464 ad
696 2422 798 2464 eorum
820 2403 983 2482 perniciem
1008 2423 1133 2483 quorum

64 2486 151 2548 ductu
175 2507 224 2548 res
247 2488 323 2548 male
346 2498 448 2565 gestae
470 2488 653 2549 nuntientur.
696 2488 782 2549 lllum
806 2488 863 2549 hoc
886 2489 998 2549 maiore
1015 2491 1078 2550 lore
1101 2491 1134 2551 in

56 2571 235 2643 »discrimine
259 2573 337 2651 quod
360 2573 468 2651 quibus
491 2592 542 2633 rex
564 2574 690 2634 maxime
713 2573 833 2633 obediat
862 2593 914 2633 eos
944 2572 1050 2634 habeat
1075 2574 1133 2635 ini-

63 2657 256 2718 micissimos.
288 2657 423 2718 tatibus
445 2657 495 2718 ille
519 2656 626 2719 litteris
649 2658 786 2736 coguitis,
818 2676 884 2717 cnm
908 2658 966 2725 iam
990 2659 1025 2717 ad
1049 2677 1132 2719 exer·
1157 2667 1174 2723 5

65 2742 151 2803 citum
181 2742 261 2802 Acen
289 2742 445 2812 venisset,
474 2741 552 2819 quod
577 2761 637 2803 non
666 2742 823 2820 ignorabat
851 2760 885 2802 ea
913 2760 981 2801 vere
1012 2743 1132 2822 scripta,

51 2826 232 2905 'desciscere
262 2844 278 2883 a
306 2826 376 2902 sege
405 2825 570 2886 coustituit.
620 2827 723 2905 Neque
753 2835 851 2887 tamen
882 2826 1040 2907 quicquam
1063 2829 1135 2890 lecit

65 2911 141 2989 quod
166 2909 224 2969 lide
253 2928 306 2969 sua
336 2918 417 2969 esset
443 2910 607 2987 indiguum.
657 2912 731 2971 Num
753 2910 945 2971 Mandroclen
966 2911 1133 2988 Magnetem
1157 2922 1174 2979 6

65 2993 205 3088 exercitui
227 2994 388 3072 praefecit3
417 2994 483 3073 ipse
511 3013 577 3055 cum
606 2996 669 3057 suis
698 2995 728 3055 in
757 2995 975 3074 Cappadociam
1006 2996 1134 3061 discedit

96 3150 166 3199 houd.
183 3144 208 3194 S.
221 3161 251 3194 zu
258 3144 332 3195 Pnus.
344 3147 365 3203 1,
377 3147 399 3195 2.
455 3200 458 3211 ,
622 3147 746 3204 wdhnten,
769 3122 823 3195 sein
840 3130 862 3195 e.
877 3149 908 3197 10
927 3157 1065 3210 genannter
1082 3150 1132 3202 Vn·
1167 3194 1172 3199 .

96 3250 153 3297 quoe
166 3234 219 3282 dom
230 3234 376 3297 speculatur:
398 3229 525 3278 ‘webrend
544 3244 573 3279 er
623 3214 856 3296 issljffllbfflffllfls
872 3216 918 3264 del*
935 3217 957 3274 2,
968 3219 1015 3267 511.
1025 3220 1075 3276 5,6
1093 3234 1133 3268 er-

66 3297 115 3348 dies
141 3313 196 3348 was
220 3313 276 3348 man
301 3297 350 3347 ibm
368 3305 456 3361 gesugt
473 3296 570 3363 (selbst)
622 3284 731 3333 Wsthllle·

66 3365 298 3416 austunumtsnet'.
585 3418 589 3425 ι
657 3380 686 3438 5.
707 3386 731 3436 3.
751 3388 841 3437 beromi
859 3385 893 3434 ist
911 3384 1019 3436 Geniuv.

97 3471 120 3520 5.
140 3476 216 3535 serens
240 3469 284 3517 bat
307 3468 363 3517 hier
386 3465 417 3518 N.
441 3476 504 3518 statt
527 3468 571 3517 des
656 3457 681 3504 ‘''1
698 3458 781 3534 ΨΜ
805 3453 965 3534 Ῑθῑιὸθθθῑῑῑ,
997 3454 1034 3504 all
1057 3471 1132 3505 Wffllss

23 3534 27 3543 ’
66 3533 195 3585 fofflpnden
213 3535 331 3601 paptchp·
352 3537 396 3585 des
411 3536 507 3587 pflssjv,
528 3551 572 3598 8⁰·
590 3534 593 3576 2
623 3520 664 3570 nn·
679 3530 806 3588 percompta
824 3539 846 3572 er
861 3527 931 3573 mittit
948 3523 1036 3571 stando
1049 3527 1132 3575 litteris

65 3600 175 3661 bmucht'
196 3603 246 3653 wie
264 3604 316 3653 sich
334 3604 401 3653 (ister
417 3610 500 3658 vehem
518 3604 572 3665 (Τί.
623 3594 644 3641 et'
660 3593 759 3640 nuntiat.
789 3586 849 3638 Dies
867 3588 901 3637 ibi
918 3589 982 3639 herl.
1012 3590 1131 3639 Aehnltch

66 3672 172 3731 moth2,
185 3674 216 3734 1),
252 3690 359 3724 caeream
387 3687 410 3720 u.
428 3687 451 3721 u.
477 3672 568 3721 finden.
624 3656 772 3713 flam-8³4·

67 3737 162 3791 lundors
180 3741 226 3803 Ag.
236 3742 259 3797 4,
270 3742 292 3797 4,
314 3739 347 3790 du
364 3739 409 3789 das
421 3754 498 3802 gaure
508 3740 572 3791 Ver·
655 3742 736 3788 mssl⁷2⁰
755 3729 804 3788 fore
820 3741 866 3788 W·
887 3721 913 3772 S·
923 3723 1031 3773 ²¹¹E¹¹¹1b
1042 3726 1065 3781 3·
1077 3727 1100 3777 6·

67 3803 121 3857 bum
137 3817 224 3860 cedere
239 3806 568 3869 neutralgebruuchtwird.
657 3810 680 3859 5.
710 3805 757 3856 Die
789 3821 838 3855 von
864 3803 953 3872 Nepos
984 3810 1130 3859 erwdhnlen

99 3874 232 3926 VieMeicht
254 3875 287 3925 ist
313 3874 396 3924 dieser
413 3874 571 3927 Mithridates
623 3875 755 3925 Umstande
773 3873 890 3923 scheinen
904 3875 960 3931 ,den
978 3875 1062 3929 Ablall
1086 3878 1130 3927 des
1215 3897 1222 3920 ι

68 3940 179 3993 derselbe
202 3943 247 3993 rnit
273 3944 328 3994 dem
347 3942 443 3994 oluff.
463 3944 513 3992 trud
530 3943 571 3993 bei
622 3941 739 3992 Datames
766 3942 833 3992 nicht
862 3943 991 4005 geudgend
1025 3960 1055 3994 zu
1089 3961 1130 3997 er·

68 4006 220 4065 liemhnnb,
233 4010 362 4069 vireas
387 4010 425 4060 als
449 4010 571 4078 Satrapen
621 4010 717 4060 kldren.
745 4047 749 4057 .

67 4090 114 4127 ron
130 4078 274 4147 Lycaoniae
290 4096 315 4129 u.
336 4078 509 4146 Cappadocien
530 4094 570 4130 ar·
655 4082 749 4131 talibus.
767 4077 951 4138 S.au'l'bann.2,
962 4080 985 4132 8.
