2742 4766
148 445 208 507 1oa
353 446 356 449 ·
492 446 571 504 ‘xe
592 406 842 504 armareis.
864 455 888 505 4.

147 617 238 672 «tmo
261 614 343 669 esset
365 607 521 667 adductus.¹
570 606 782 684 Paupertatem
811 605 887 667 adeo
917 604 1006 665 facile
1033 621 1198 683 perpessus
1222 610 1271 665 est

188 702 222 754 ut
244 693 280 753 de
302 691 457 770 republica
486 689 562 749 nihil
591 698 710 769 praeter
737 689 862 767 gloriam
885 689 1014 768 ceperit,
1044 688 1208 750 amicorum
1237 689 1270 748 in

190 796 224 838 se
253 776 363 837 tuendo
394 774 523 835 caruerit
550 774 758 848 [acuitatibus3
786 774 866 835 idem
895 774 932 833 ad
960 773 1037 834 aiios
1067 772 1269 840 sublevandos

120 924 132 938 ⁴
189 879 281 939 saepe
303 860 443 920 sicusus
475 867 520 918 est
548 865 580 919 ut
607 858 734 924 iudicari
762 858 861 937 possit
889 857 990 918 omnia
1020 857 1048 918 ei
1070 875 1138 918 cum
1161 851 1270 937 amicis

149 950 166 1005 5
189 946 284 1006 tuisse
307 943 486 1005 communia.
530 943 605 1004 Nam
629 961 696 1003 oum
719 951 770 1003 aut
803 943 911 1003 civium
940 948 1062 1003 suorum
1092 940 1202 1020 aliquis
1231 940 1270 1001 ab

188 1028 327 1089 hostibus
357 1035 438 1089 essct
468 1034 574 1106 captus
603 1036 652 1087 aut
681 1027 763 1104 virgo
794 1026 882 1087 amici
912 1025 1024 1086 nubilis
1048 1045 1123 1105 quae
1145 1033 1272 1104 propter

156 1144 159 1147 ·
187 1110 559 1193 paupertatemaoollocari
589 1130 650 1177 non
678 1120 797 1190 posset,
832 1110 996 1171 amicorum
1027 1109 1187 1171 consilium
1214 1110 1271 1169 ha-

187 1197 279 1262 bebat
305 1206 334 1257 et
363 1204 504 1274 quantum
534 1195 661 1274 quisque
692 1195 778 1256 daret
799 1212 854 1273 pro
877 1194 1068 1255 facultatibus
1089 1193 1269 1273 imperabat

147 1286 165 1343 6
188 1282 320 1360 Eamque
344 1299 490 1341 summam
514 1297 579 1340 cum
597 1281 716 1351 fecerat7
740 1279 916 1358 priusquam
932 1278 1084 1358 acciperet
1096 1278 1270 1358 pecuniam,

188 1365 357 1428 adducebat
379 1383 445 1424 eum
470 1364 520 1442 qui
544 1364 706 1442 quaerebat
727 1364 766 1424 ad
795 1383 847 1424 eos
878 1363 930 1442 qui
957 1363 1154 1424 conserebant
1180 1363 1270 1441 eique

188 1458 222 1511 ut
245 1449 304 1528 ipsi
326 1456 518 1509 numerarent
541 1448 683 1520 faciebat,
713 1457 746 1508 ut
769 1447 819 1507 itte
843 1447 880 1509 ad
909 1466 997 1526 quem
1027 1455 1062 1508 ea
1092 1467 1141 1508 res
1162 1465 1270 1525 perve-

145 1529 291 1599 4niebat
312 1532 405 1595 sciret
427 1540 569 1610 quantum
593 1533 700 1611 cuique
730 1532 863 1593 deberet.
919 1533 1045 1592 Tentata
1074 1539 1172 1592 autem
1203 1530 1271 1592 eius

190 1625 238 1679 est
265 1616 447 1677 abstinentia
475 1635 492 1677 a
520 1617 717 1678 Diomedonte
748 1618 904 1692 cyziceno.
954 1614 1092 1695 Namque
1114 1617 1140 1676 is
1162 1624 1273 1693 rogatu
1320 1628 1324 1631 “

188 1701 357 1764 Artaxerxis
387 1701 466 1778 regis
495 1701 732 1779 Epaminondam
763 1701 891 1779 pecunia
921 1701 1171 1781 corrumpendum
1202 1718 1273 1759 sus-

190 1794 320 1864 ceperat.
363 1784 549 1868 Hicfflmagno
578 1805 645 1847 cum
667 1786 802 1864 pondere
832 1785 896 1845 auri
919 1784 1039 1846 Thebas
1060 1784 1142 1844 venit
1163 1791 1193 1844 et
1214 1783 1272 1844 Mi·

190 1869 308 1947 cytbum
339 1869 594 1931 adolescentulum
624 1871 756 1949 quinque
791 1869 913 1930 talentis
943 1869 979 1929 ad
1014 1887 1098 1929 suam
1131 1868 1272 1946 perduxit

188 1953 386 2024 voluntatem,
426 1973 515 2032 quem
553 1963 616 2016 tum
649 1953 874 2032 Epaminondas
913 1953 1074 2032 plurimum
1114 1951 1270 2029 diligebat.

188 2037 335 2115 Micythus
357 2037 596 2117 Epaminondam
619 2038 758 2098 convenit
781 2046 810 2099 et
831 2038 964 2099 causam
981 2037 1125 2098 adventus
1148 2036 1270 2113 Diome-

90 2195 97 2207 Ι
147 2121 290 2182 Edontis
313 2122 455 2183 ostendit.
500 2125 537 2183 At
552 2123 602 2183 ille
617 2122 808 2183 Diomedonti
824 2138 925 2182 coram
947 2121 1037 2192 Nihil,
1061 2121 1168 2199 inquit,
1192 2137 1271 2198 opus

82 2278 86 2283 ,
188 2206 317 2285 pecunia
340 2213 395 2266 est.
439 2207 513 2266 Nom
537 2207 563 2266 si
586 2225 638 2267 rex
660 2226 694 2267 ea
717 2206 779 2281 vult
810 2225 884 2284 quae
907 2194 1059 2266 Thebanis
1082 2213 1151 2265 sont
1173 2205 1270 2276 utilia,

1 2299 3 2306 ‘
91 2295 95 2301 '
190 2291 284 2366 gratis
307 2291 407 2349 facere
430 2309 496 2350 sum
519 2298 658 2368 paratus3
679 2290 738 2350 -sin
767 2294 867 2351 autem‘
894 2289 1062 2360 contraria²
1090 2307 1151 2349 non
1180 2288 1272 2350 babet

191 2372 257 2432 auri
286 2381 374 2451 atque
402 2375 518 2451 argenti
551 2375 636 2436 satis.
686 2375 821 2452 Namque
851 2373 933 2434 orbis
968 2382 1114 2434 terrarum
1151 2373 1270 2434 divitias

151 2459 168 2516 3
188 2456 330 2536 accipere
353 2457 423 2517 noio
446 2476 501 2536 pro
524 2459 640 2536 patriae
654 2458 796 2519 caritate.
841 2459 887 2518 Tu
910 2458 990 2536 quod
1013 2476 1060 2518 me
1079 2457 1270 2535 incognitum

190 2542 312 2603 tentasti
335 2541 439 2619 tuique
456 2541 585 2603 similem
602 2543 784 2615 existimasti,
810 2561 870 2603 non
887 2542 980 2603 miror
994 2542 1109 2622 tibique
1124 2541 1270 2619 ignosco;

190 2625 244 2685 sed
268 2626 412 2707 egredere
434 2630 573 2705 propere,
597 2646 634 2688 ne
658 2627 733 2688 alios
757 2645 945 2706 corrumpas,
969 2645 1036 2688 cum
1060 2645 1107 2686 me
1130 2642 1269 2705 nonpo-

223 2826 247 2874 4.
269 2830 376 2887 caruerit,
395 2825 456 2875 weil
474 2840 504 2875 cr
520 2827 558 2875 sie
576 2827 645 2876 uicbt
662 2842 720 2897 ge-³
754 2824 879 2874 boricbtet
903 2818 952 2873 von
970 2824 1162 2894 Plutapopbth.
1174 2830 1223 2880 193
1241 2842 1266 2877 u.

189 2889 316 2939 broucheu
333 2891 428 2942 wollte.
449 2893 520 2942 Deua
533 2895 590 2944 dass
609 2910 638 2944 er
656 2895 704 2944 deu
755 2891 904 2959 Aeliauvar.
915 2892 972 2942 bist.
984 2892 1016 2943 V.
1026 2897 1048 2953 5,
1073 2896 1136 2944 obue
1155 2895 1214 2944 dass
1232 2896 1269 2945 sie

189 2955 324 3021 Pelopidas
349 2959 503 3015 dieKostan
527 2962 568 3011 for
590 2961 704 3024 Stoliuug
756 2960 802 3008 der
819 2959 1058 3011 Dazwischeukuutt
1081 2964 1125 3012 des
1143 2963 1269 3031 Micythus

161 3061 172 3070 .
191 3023 260 3073 ciues
279 3024 358 3074 Chors
381 3042 429 3076 vou
453 3027 651 3094 Eidtcuspiclern
673 3046 704 3079 zu
756 3027 806 3088 und
824 3028 867 3076 des
886 3026 1160 3094 §4u.5·Bcricbtoteu
1172 3032 1270 3081 erwbb-

190 3091 272 3145 eiuem
289 3091 531 3144 dffeutlicbeuFeste
546 3096 704 3159 tragenliess
733 3109 811 3163 ‚netl-
832 3094 879 3143 Die
897 3093 955 3144 Zeii
972 3096 1006 3146 ist
1024 3097 1270 3155 unbekflsssstt‘fl'ei·

190 3156 416 3221 (Platanona)
442 3162 569 3222 geroicbte
587 3164 655 3213 nicht
672 3181 703 3214 zu
754 3162 833 3211 leicbt
856 3162 1086 3221 01.1ot,·2=374
1110 3164 1194 3225 (Diod.
1208 3165 1266 3217 XV.

190 3225 285 3274 seiuom
311 3226 484 3292 personiicben
507 3227 614 3279 Nutzeu.
651 3231 703 3282 Das
755 3231 806 3292 38).
829 3257 860 3268 -
877 3235 1015 3284 Artooeroes
1040 3232 1075 3281 ist
1092 3235 1204 3285 Mnemon.
1241 3232 1266 3283 S.

190 3292 317 3354 Eolgendo
335 3308 383 3342 rou
401 3299 462 3347 idem
479 3312 511 3346 au
529 3297 567 3346 bis
585 3314 616 3347 zu
632 3297 703 3349 Eudo
756 3298 787 3346 de
798 3301 874 3360 regi,
886 3300 910 3349 3.

191 3359 236 3409 des
253 3359 316 3426 Kap.
338 3361 436 3411 crabbit
452 3362 483 3414 N.
505 3364 588 3414 aldoin.
790 3367 813 3416 4.
835 3371 915 3417 eoiret.
941 3364 976 3415 Im
994 3365 1171 3415 Latoiuiscbeu
1194 3367 1270 3418 bittet

139 3475 143 3479 ,
225 3429 702 3498 osorestuiml.amfioorom'socoltota'bas.
755 3447 811 3481 man
835 3433 873 3482 ott
895 3432 1001 3483 Jemaud
1024 3434 1083 3483 dass
1106 3450 1163 3484 man
1187 3443 1270 3484 etwas

224 3497 248 3546 5.
270 3506 336 3548 esset.
356 3496 551 3567 S3zuAlo.1‚3.
712 3544 715 3549 .
755 3501 814 3549 thuo
842 3500 904 3550 oder
939 3502 997 3550 dass
1025 3508 1105 3550 etwas
1134 3503 1267 3564 gescbebe,

224 3563 248 3614 6.
270 3581 370 3630 eumque.
389 3565 436 3614 Die
447 3566 545 3616 Summe
564 3567 597 3616 ist
611 3568 705 3617 vorber
754 3581 830 3617 wenn
848 3567 888 3616 die
897 3568 1059 3631 Mdglicbkeit
1076 3569 1135 3617 dass
1145 3585 1204 3619 man
1217 3570 1270 3619 dies

190 3628 258 3678 nicht
284 3632 436 3694 angegebeu.
475 3634 534 3684 Man
562 3649 629 3684 muss
658 3632 703 3685 aris
754 3635 810 3685 thut
833 3635 896 3685 eder
919 3636 977 3685 dass
1000 3635 1056 3685 dies
1080 3637 1210 3698 gescbiebt
1229 3637 1270 3687 bei

191 3697 246 3746 dem
269 3695 586 3763 Niohstvorhergehebdon
614 3705 704 3764 argio·
755 3702 804 3751 ihm
822 3704 896 3752 steht.
929 3703 992 3757 Wir
1016 3710 1102 3753 setzeu
1126 3703 1152 3752 iu
1177 3705 1272 3754 diesem

106 3819 113 3823 ,
189 3779 247 3835 zen.
258 3765 361 3814 ‘welche
381 3764 421 3816 dre
440 3769 487 3818 den
498 3769 630 3818 Ercuudeu
649 3770 704 3819 oui·
753 3769 835 3820 Folle.
847 3769 913 3820 ‘dass
931 3787 987 3821 man
1005 3779 1086 3821 etwas
1098 3772 1159 3821 tbuu
1171 3770 1266 3829 bduue’,

144 3898 148 3907 1
190 3830 304 3894 gelegteu
329 3833 446 3898 beitrage
471 3836 646 3901 ausmacbte‘u’.
674 3837 700 3887 S.
758 3838 824 3886 ‘dass
849 3852 878 3886 er
900 3846 983 3888 etwas
1009 3839 1132 3900 gescbehn
1151 3838 1225 3889 lasse'
1242 3855 1268 3887 u.

190 3913 222 3946 zu
229 3899 274 3947 Ar.
284 3900 307 3955 3,
320 3903 342 3950 1.
560 3948 565 3951 ,
755 3904 805 3968 dgl.
826 3904 927 3956 Ebeuso
945 3905 1035 3956 Timol.
1045 3908 1067 3963 b,
1079 3908 1102 3957 3.
1117 3904 1190 3956 Caes.
1204 3906 1266 3956 deb.

224 3969 314 4017 deberet
332 3981 363 4015 au
380 3967 605 4019 Erkeuutliobkeit.
755 3971 848 4022 salt-t.
863 3975 928 4031 19‚b
951 3981 1007 4040 petit
1031 3983 1098 4039 utque
1122 3979 1227 4026 bortatur
1243 3981 1269 4023 ut

223 4024 251 4083 4.
271 4030 322 4081 Das
347 4035 403 4084 bier
419 4035 538 4086 Erzdhlto
556 4037 623 4091 wird
639 4038 724 4107 hurzl
754 4044 805 4092 sica
822 4045 872 4092 etus
890 4047 1016 4108 offensione
1034 4046 1105 4093 ocimi
1122 4045 1157 4092 oet
1175 4043 1269 4107 ipsede
