2750 4768
163 418 225 480 174
569 428 654 481 XXV.
674 427 824 480 ATTlCUS.
845 432 870 482 6.

194 584 286 645 rieus
318 589 497 644 testamento
529 582 683 662 ddoptarit
714 602 782 645 eum
812 582 1015 662 heredemque
1047 582 1120 644 lecit
1153 599 1190 642 ex
1220 582 1276 642 do·

203 668 325 739 drante;
348 685 382 728 ex
406 685 463 746 qua
485 667 652 729 bereditute
675 668 793 747 accepit
814 667 937 729 circiter
957 667 1071 729 centies
1093 665 1277 728 sestertium.

80 773 90 786 ’
161 757 179 815 3
202 753 274 814 Erat
301 759 396 830 nupta
421 770 510 812 soror
536 751 624 813 Attici
649 752 687 824 Q.
710 751 809 813 'l'ullio
831 751 985 824 Ciceroni,
1015 769 1128 831 easque
1159 749 1279 827 nuptias

200 837 240 898 ll.
264 836 370 898 Cicero
392 835 577 910 conciliarat,
600 855 669 897 cum
691 855 751 916 quo
773 856 789 898 a
813 836 1054 916 condiscipulatu
1075 835 1193 897 vivebat
1207 853 1279 895 eou-

200 919 405 993 iunctissime‚
435 920 528 981 multo
557 921 647 982 etiarn
675 920 851 982 familiarius
881 939 968 1000 quam
998 939 1065 982 cum
1088 920 1219 993 Quinto,
1247 925 1281 980 ut

199 1003 326 1079 iudicari
350 1003 448 1084 possit
471 1005 543 1084 plus
571 1005 603 1067 in
631 1006 762 1067 amicitia
789 1005 888 1067 valere
910 1005 1137 1075 similitudinem
1160 1021 1278 1065 morum

158 1095 177 1151 4
201 1108 290 1170 quam
311 1089 497 1151 affinitatem.
541 1090 685 1151 Utebatnr
706 1099 806 1152 autem
828 1090 933 1152 intime
956 1091 993 1163 Q.
1015 1088 1194 1179 Hortensio,
1225 1086 1277 1167 qui

199 1174 249 1235 bis
271 1173 458 1251 temporibus
479 1174 679 1254 principatum
701 1175 890 1253 eloquentiae
919 1175 1054 1247 tenebat,
1083 1180 1117 1235 ut
1144 1171 1278 1250 intellegi

200 1277 261 1319 non
290 1265 395 1336 posset
424 1267 490 1318 uter
517 1278 584 1320 curn
612 1259 681 1339 plus
707 1254 868 1336 diligeret(
891 1260 997 1322 Cicero
1027 1277 1066 1319 au
1086 1256 1277 1329 Hortensius,
1366 1328 1367 1331 Ἴ

200 1354 231 1404 et
250 1342 281 1402 id
305 1342 385 1421 quod
409 1350 473 1403 erat
494 1343 705 1407 difficillimum
726 1344 892 1417 efficiebat,
919 1352 951 1406 ut
973 1345 1052 1405 inter
1074 1361 1150 1422 quos
1174 1348 1276 1403 tantae

199 1425 296 1488 laudis
319 1433 401 1486 esset
421 1427 581 1489 aemulatio
604 1428 684 1491 nulla
705 1428 906 1490 intercederet
927 1426 1105 1491 obtrectatio
1132 1435 1275 1505 essetque

199 1509 305 1571 talium
326 1510 456 1572 virorum
483 1511 601 1591 copula.
721 1518 736 1527 “

158 1607 181 1677 t}
210 1634 215 1645 ·
286 1610 320 1670 ln
342 1611 496 1689 republica
518 1612 560 1673 ita
583 1622 629 1673 est
649 1622 784 1675 versatus
807 1622 839 1674 ut
861 1631 981 1693 semper
1003 1610 1184 1690 optimarum
1207 1630 1278 1690 per·
1363 1620 1369 1633 ·

200 1694 275 1755 tium
298 1702 329 1755 et
350 1703 432 1756 esset
453 1703 483 1756 et
504 1697 726 1759 existimaretur
753 1717 851 1777 neque
878 1706 976 1760 minen
1003 1716 1037 1758 se
1059 1695 1200 1757 civilibus
1223 1696 1291 1756 flu>
1364 1698 1368 1707 '

200 1777 299 1840 ctibus
322 1778 542 1853 committeret,
578 1782 657 1868 quod
690 1799 751 1842 non
780 1783 875 1861 magis
904 1802 957 1844 eos
985 1781 1017 1841 in
1045 1799 1099 1842 sua
1127 1787 1280 1860 potestate
1368 1816 1369 1827 κ

201 1862 390 1923 existimabat
416 1883 483 1925 esse
512 1865 562 1943 qui
590 1885 623 1926 se
650 1866 699 1926 his
734 1866 889 1928 dedissent
917 1885 1006 1946 quam
1035 1865 1085 1943 qui
1115 1865 1276 1926 maritimis
1369 1942 1370 1945 Ἴ

159 1948 390 2009 2iactarentur.
440 1949 578 2010 Honores
607 1969 669 2011 non
696 1951 799 2031 pellit,
835 1968 901 2012 curn
931 1953 959 2012 ei
987 1957 1123 2029 paterent
1152 1958 1292 2029 propter>
1369 1962 1370 2025 ξ

199 2032 245 2092 rel
268 2032 393 2108 gratiam
414 2033 460 2094 vel
484 2034 673 2112 dignitatem,
705 2037 784 2115 quod
813 2055 910 2115 neque
938 2036 1000 2115 peti
1022 2052 1106 2094 more
1128 2033 1278 2095 maiorum

199 2136 297 2196 neque
320 2116 387 2195 capi
409 2130 536 2197 possent
557 2120 741 2181 conservatis
762 2121 879 2199 legibus
902 2121 933 2180 in
955 2131 1015 2182 tam
1039 2117 1127 2178 ellusi
1142 2116 1277 2179 ambitus
1370 2130 1371 2133 ’

199 2200 408 2279 largitionibus
431 2221 528 2280 neque
549 2207 653 2283 perio
679 2205 930 2295 republicasine
958 2203 1093 2284 periculo
1123 2202 1277 2291 corruptis
1365 2190 1371 2273 f

234 2401 258 2452 3·
280 2400 363 2450 Ueber
388 2407 412 2462 O.
433 2403 548 2456 Ciceros.
561 2408 599 2464 16,
609 2407 633 2457 2.
658 2405 710 2455 ‘llic
797 2416 915 2472 essetque:
933 2420 969 2464 er,
990 2405 1098 2454 Atticus.
1372 2426 1373 2431 ¹

199 2468 307 2519 Heirotb
321 2484 377 2519 wer
394 2487 442 2549 vor
452 2473 532 2523 esea.
543 2489 577 2532 u.‚
588 2475 652 2525 etv.
663 2473 707 2523 Cb.
739 2470 751 2485 '
796 2468 825 2527 θ.
847 2475 880 2548 2.ἱ
890 2477 1027 2552 propteroel
1041 2475 1119 2549 quoel
1128 2475 1191 2535 dipu.
1209 2468 1281 2549 llass
1372 2476 1373 2497 ³

199 2538 359 2600 gescblossen
376 2537 541 2601 (Creadrltt.
550 2540 569 2590 l.
580 2544 603 2596 5.
614 2543 647 2604 2).
693 2573 696 2579 s
762 2541 803 2591 die
812 2540 970 2606 Prdposrtron
985 2540 1062 2589 durcb
1077 2553 1133 2587 erne
1152 2535 1281 2600 ConJunc·

233 2643 429 2705 condiscipulatus
446 2641 512 2691 wird
531 2657 578 2691 nur
589 2643 710 2705 uoebpaus

199 2704 280 2755 einern
303 2710 391 2773 spsiteu
418 2708 607 2768 Sebrillstellen
627 2710 722 2760 Justin‘

198 2772 256 2824 ΧΠ.
266 2776 290 2832 6,
313 2778 352 2833 17,
374 2777 530 2838 angenoun·
543 2794 584 2827 wo
603 2793 631 2828 es
648 2779 711 2828 aber

198 2842 266 2893 nicht
283 2842 367 2892 sicher
384 2845 460 2893 steht.

761 2677 828 2725 wird
845 2676 879 2725 ist
896 2675 985 2726 selten.
1016 2673 1172 2731 S.Eunr.l3‚
1187 2675 1210 2724 1.
1222 2670 1277 2723 Cic.

761 2744 975 2801 aaran.·v.20‚l
1002 2753 1082 2796 contro
1105 2744 1145 2793 ebt
1173 2759 1222 2792 rem
1238 2750 1282 2792 out

759 2888 813 2945 pest
848 2884 908 2930 enim
944 2882 1105 2945 Chrysippum,
1138 2874 1281 2933 lll.11‚36

233 2945 257 2994 4.
279 2943 309 3007 Q.
331 2944 479 2994 Hortensius
502 2946 625 2995 wonder
642 2954 710 2996 erste
789 2956 852 2999 ceter
869 2951 928 2998 euim
945 2956 991 2998 tres
1010 2950 1161 3012 disciplinas,
1181 2942 1278 2992 dediv-

198 3010 300 3060 Redner
331 3013 508 3064 eds-ceos.
518 3029 552 3071 u.,
563 3015 708 3066 89-68ν.
773 3012 792 3062 l.
802 3015 841 3072 27.
853 3016 885 3066 59
904 3023 956 3065 oute
973 3031 1025 3066 uero
1043 3016 1167 3067 Marsicum
1181 3014 1279 3073 bellum,

199 3076 262 3128 Cb:
295 3078 361 3127 daun
387 3080 461 3128 werd
491 3095 520 3129 er
548 3097 597 3131 von
621 3080 710 3131 Cicero
762 3080 842 3132 decli.
852 3081 883 3131 ll.
893 3082 916 3139 8,
928 3082 960 3133 27
982 3091 1037 3147 post
1060 3098 1112 3132 cero
1137 3081 1217 3131 Sullae
1240 3083 1281 3130 ei-

198 3143 314 3195 riberbolt
330 3143 393 3207 (cie.
405 3146 583 3205 tironenses.
593 3150 707 3210 93320).
762 3155 866 3202 storiam.

197 3212 265 3263 Wes
295 3213 341 3262 dos
369 3213 527 3264 Verbiltniss
559 3216 648 3266 beiden
679 3233 711 3266 zu
795 3215 842 3266 Die
860 3218 964 3267 Aemter
986 3215 1092 3265 wurdeo
1114 3212 1215 3276 erlongt
1232 3212 1283 3262 da-

197 3280 318 3330 einondcr
336 3280 438 3338 beer-im,
460 3297 488 3331 so
506 3284 551 3333 sub
563 3283 711 3335 Hortensius
762 3285 840 3334 durcb
864 3285 923 3334 dass
946 3298 1002 3332 man
1029 3283 1083 3333 sich
1107 3297 1148 3332 um
1171 3281 1209 3330 sic
1233 3280 1282 3329 be-

198 3347 301 3399 Ciceros
319 3348 400 3398 Wabl
422 3365 478 3399 zum
497 3349 590 3402 Consul
615 3368 710 3416 ungern
761 3353 842 3402 warb.
862 3356 910 3403 Peti
926 3353 976 3401 und
994 3357 1045 3417 copi
1062 3350 1118 3400 sind
1137 3349 1190 3399 also
1211 3348 1282 3398 zwei

196 3415 260 3478 (Cic.
270 3416 340 3469 Brut.
350 3419 390 3477 et,
403 3419 469 3481 323),
499 3420 549 3468 und
566 3424 653 3487 spiter
669 3420 711 3469 bei
761 3419 909 3471 Ausdrricke
921 3420 962 3468 ffir
978 3418 1089 3467 diesolbe
1103 3417 1191 3474 Socho,
1214 3415 1282 3465 wel-

196 3484 281 3535 seiner
297 3485 468 3549 Verbeuuuog
485 3487 586 3549 glaubte
605 3489 657 3538 sich
669 3487 711 3536 Ci·
761 3489 807 3537 cbe
825 3495 924 3550 gesetzt
941 3486 997 3536 sind
1021 3502 1061 3535 um
1084 3504 1148 3538 more
1164 3490 1284 3536 meierum

196 3567 255 3603 cero
278 3569 326 3602 von
350 3553 399 3603 ibru
424 3562 498 3604 unter
525 3557 580 3605 dern
604 3555 710 3607 Sebeine
762 3555 811 3604 und
838 3559 978 3608 conservetis
1004 3558 1094 3619 lepibue
1122 3552 1213 3602 besser
1247 3568 1283 3601 zu

195 3620 243 3670 der
259 3621 442 3672 Freundscball
463 3637 509 3672 eus
527 3622 593 3674 Neid
616 3624 712 3673 himer-²
761 3622 888 3673 scbeideu.
908 3626 971 3675 llere
979 3627 1092 3674 maiorum
1101 3620 1214 3670 bewirbt
1224 3619 1283 3668 sich

196 3702 293 3751 gangen
316 3689 366 3738 und
389 3691 524 3740 verratben
548 3692 598 3742 und
621 3692 710 3741 ndbrte
760 3706 816 3740 wer
839 3705 879 3740 um
909 3689 949 3740 die
974 3688 1076 3739 Stimme
1107 3689 1154 3738 der
1177 3688 1283 3748 Burger

194 3756 298 3819 lingere
308 3756 366 3808 Zeit
382 3757 424 3807 eiu
440 3758 647 3810 wabrscbeiulicb
666 3775 711 3808 un·
760 3758 836 3808 bittet
852 3759 917 3808 ohne
931 3757 1024 3813 ¹rrnedle
1038 3755 1121 3807 Miltel
1139 3770 1283 3805 anzuweu-

195 3825 705 3889 gerechtesMisstreueugegenibulssie.
761 3826 822 3887 den,
850 3825 929 3876 selbst
951 3840 1026 3876 weun
1050 3823 1087 3873 sie
1112 3823 1180 3873 nieht
1199 3837 1283 3885 nuge-

762 2608 814 2657 tion
831 2625 879 2658 von
891 2602 977 2657 'ibrum
987 2606 1133 2658 Substantiv
1160 2612 1283 2667 getreunt
1369 2620 1374 2669 ᾗ

743 2840 749 2851 =
762 2817 954 2864 existimationem
971 2820 1042 2874 tuum,
1072 2806 1181 2859 defiuil.
1195 2809 1231 2866 13,
1244 2809 1281 2859 43
1374 2799 1375 2858 Ϊ

196 3891 559 3957 edQ.l'r.'l.3,8u.a.e.0.)'.
586 3896 709 3945 Aeusser·
760 3893 938 3944 eetzliebsind.
960 3889 1282 3957 Conseroutisleqtbuswird
1374 3891 1375 3908 ¹

194 3957 243 4008 licb
262 3960 361 4023 zeigten
386 3959 423 4010 sie
446 3961 499 4011 sicb
524 3962 587 4013 aher
612 3978 640 4013 so
658 3962 709 4014 wie
760 3962 837 4013 dureb
856 3961 897 4011 die
916 3961 1033 4010 ndcbsten
1052 3957 1147 4010 Wortc
1166 3958 1279 4008 erklairt.

197 4024 229 4076 N.
250 4026 383 4079 bericbtet.
599 4046 602 4055 ¹
794 4035 861 4098 oprtet
885 4029 982 4080 sowobl
1005 4028 1030 4077 in
1053 4027 1140 4090 Bezug
1163 4027 1211 4077 eui
1232 4025 1281 4075 die
