<?xml version="1.0" encoding="UTF-8"?>
<!DOCTYPE html PUBLIC "-//W3C//DTD XHTML 1.0 Transitional//EN"
    "http://www.w3.org/TR/xhtml1/DTD/xhtml1-transitional.dtd">
<html xmlns="http://www.w3.org/1999/xhtml" xml:lang="en" lang="en">
 <head>
  <title>
</title>
<meta http-equiv="Content-Type" content="text/html;charset=utf-8" />
  <meta name='ocr-system' content='tesseract 3.04.00' />
  <meta name='ocr-capabilities' content='ocr_page ocr_carea ocr_par ocr_line ocrx_word'/>
</head>
<body>
  <div class='ocr_page' id='page_1' title='image "./corneliusnepos07nippgoog_0164.png"; bbox 0 0 2742 4766; ppageno 0'>
   <div class='ocr_carea' id='block_1_1' title="bbox 463 461 1207 545">
    <p class='ocr_par' dir='ltr' id='par_1_1' title="bbox 463 461 1207 545">
     <span class='ocr_line' id='line_1_1' title="bbox 463 461 1207 545; baseline 0.004 -27"><span class='ocrx_word' id='word_1_1' title='bbox 463 467 545 519; x_wconf 83' lang='lat' dir='ltr'>XVll.</span> <span class='ocrx_word' id='word_1_2' title='bbox 562 461 759 545; x_wconf 67' lang='lat' dir='ltr'>&#39;nausiantis</span> <span class='ocrx_word' id='word_1_3' title='bbox 779 471 804 520; x_wconf 80' lang='lat'>4.</span> <span class='ocrx_word' id='word_1_4' title='bbox 1146 461 1207 521; x_wconf 73' lang='lat'>117</span> 
     </span>
    </p>
   </div>
   <div class='ocr_carea' id='block_1_2' title="bbox 8 616 1208 1625">
    <p class='ocr_par' dir='ltr' id='par_1_2' title="bbox 8 616 1203 1285">
     <span class='ocr_line' id='line_1_2' title="bbox 85 616 1165 699; baseline 0.009 -23"><span class='ocrx_word' id='word_1_5' title='bbox 85 616 375 695; x_wconf 47' lang='lat' dir='ltr'>*vidissetconsilio</span> <span class='ocrx_word' id='word_1_6' title='bbox 399 638 467 680; x_wconf 86' lang='lat' dir='ltr'>sero</span> <span class='ocrx_word' id='word_1_7' title='bbox 490 619 554 679; x_wconf 91' lang='lat' dir='ltr'>suis</span> <span class='ocrx_word' id='word_1_8' title='bbox 577 619 729 698; x_wconf 88' lang='lat' dir='ltr'>praesidio</span> <span class='ocrx_word' id='word_1_9' title='bbox 744 622 900 699; x_wconf 81' lang='lat' dir='ltr'>profectus</span> <span class='ocrx_word' id='word_1_10' title='bbox 916 633 971 683; x_wconf 90' lang='lat' dir='ltr'>est.</span> <span class='ocrx_word' id='word_1_11' title='bbox 1008 624 1082 684; x_wconf 90' lang='lat' dir='ltr'>Nam</span> <span class='ocrx_word' id='word_1_12' title='bbox 1098 643 1165 686; x_wconf 89' lang='lat' dir='ltr'>cum</span> 
     </span>
     <span class='ocr_line' id='line_1_3' title="bbox 8 700 1164 788; baseline 0.013 -33"><span class='ocrx_word' id='word_1_13' title='bbox 8 748 10 755; x_wconf 84' lang='lat'>.</span> <span class='ocrx_word' id='word_1_14' title='bbox 85 700 140 761; x_wconf 34' lang='lat' dir='ltr'>villo</span> <span class='ocrx_word' id='word_1_15' title='bbox 171 702 316 776; x_wconf 88' lang='lat' dir='ltr'>venisset,</span> <span class='ocrx_word' id='word_1_16' title='bbox 349 704 408 763; x_wconf 91' lang='lat' dir='ltr'>iam</span> <span class='ocrx_word' id='word_1_17' title='bbox 436 704 591 782; x_wconf 77' lang='lat' dir='ltr'>Agesilaus</span> <span class='ocrx_word' id='word_1_18' title='bbox 619 704 720 765; x_wconf 84' lang='lat' dir='ltr'>multis</span> <span class='ocrx_word' id='word_1_19' title='bbox 749 700 1028 784; x_wconf 66' lang='lat' dir='ltr'>locis&#39;expugnatis</span> <span class='ocrx_word' id='word_1_20' title='bbox 1056 714 1164 788; x_wconf 81' lang='lat' dir='ltr'>magnai</span> 
     </span>
     <span class='ocr_line' id='line_1_4' title="bbox 89 787 1203 870; baseline 0.009 -25"><span class='ocrx_word' id='word_1_21' title='bbox 89 793 152 846; x_wconf 88' lang='lat' dir='ltr'>erat</span> <span class='ocrx_word' id='word_1_22' title='bbox 174 787 285 864; x_wconf 90' lang='lat' dir='ltr'>praeda</span> <span class='ocrx_word' id='word_1_23' title='bbox 307 788 432 866; x_wconf 90' lang='lat' dir='ltr'>potitus.</span> <span class='ocrx_word' id='word_1_24' title='bbox 476 788 680 867; x_wconf 78' lang='lat' dir='ltr'>Laooautem</span> <span class='ocrx_word' id='word_1_25' title='bbox 705 805 771 848; x_wconf 90' lang='lat' dir='ltr'>oum</span> <span class='ocrx_word' id='word_1_26' title='bbox 786 789 902 850; x_wconf 85' lang='lat' dir='ltr'>videret</span> <span class='ocrx_word' id='word_1_27' title='bbox 917 791 1013 851; x_wconf 88' lang='lat' dir='ltr'>hostis</span> <span class='ocrx_word' id='word_1_28' title='bbox 1029 792 1203 870; x_wconf 73' lang='lat' dir='ltr'>equitatud</span> 
     </span>
     <span class='ocr_line' id='line_1_5' title="bbox 10 872 1164 953; baseline 0.008 -24"><span class='ocrx_word' id='word_1_29' title='bbox 10 914 12 919; x_wconf 74' lang='grc'><strong>.</strong></span> <span class='ocrx_word' id='word_1_30' title='bbox 89 888 242 949; x_wconf 88' lang='lat' dir='ltr'>superare,</span> <span class='ocrx_word' id='word_1_31' title='bbox 267 890 427 950; x_wconf 81' lang='lat' dir='ltr'>numquam</span> <span class='ocrx_word' id='word_1_32' title='bbox 450 874 481 932; x_wconf 90' lang='lat' dir='ltr'>in</span> <span class='ocrx_word' id='word_1_33' title='bbox 504 891 609 951; x_wconf 90' lang='lat' dir='ltr'>campo</span> <span class='ocrx_word' id='word_1_34' title='bbox 633 872 680 933; x_wconf 89' lang='lat' dir='ltr'>sui</span> <span class='ocrx_word' id='word_1_35' title='bbox 703 872 776 933; x_wconf 86' lang='lat' dir='ltr'>lecit</span> <span class='ocrx_word' id='word_1_36' title='bbox 792 881 974 953; x_wconf 89' lang='lat' dir='ltr'>potestatem</span> <span class='ocrx_word' id='word_1_37' title='bbox 990 882 1019 936; x_wconf 90' lang='lat' dir='ltr'>et</span> <span class='ocrx_word' id='word_1_38' title='bbox 1033 875 1071 935; x_wconf 91' lang='lat' dir='ltr'>iis</span> <span class='ocrx_word' id='word_1_39' title='bbox 1088 876 1164 937; x_wconf 88' lang='lat' dir='ltr'>locis</span> 
     </span>
     <span class='ocr_line' id='line_1_6' title="bbox 88 957 1163 1038; baseline 0.007 -24"><span class='ocrx_word' id='word_1_40' title='bbox 88 973 208 1023; x_wconf 87' lang='lat' dir='ltr'>manum</span> <span class='ocrx_word' id='word_1_41' title='bbox 242 958 395 1018; x_wconf 77' lang='lat' dir='ltr'>conseruit</span> <span class='ocrx_word' id='word_1_42' title='bbox 427 957 539 1035; x_wconf 84' lang='lat' dir='ltr'>quihus</span> <span class='ocrx_word' id='word_1_43' title='bbox 568 957 636 1035; x_wconf 92' lang='lat' dir='ltr'>plus</span> <span class='ocrx_word' id='word_1_44' title='bbox 675 957 832 1035; x_wconf 75' lang='lat' dir='ltr'>pedestres</span> <span class='ocrx_word' id='word_1_45' title='bbox 872 958 978 1036; x_wconf 88' lang='lat' dir='ltr'>copiae</span> <span class='ocrx_word' id='word_1_46' title='bbox 1018 959 1163 1038; x_wconf 84' lang='lat' dir='ltr'>valerent.</span> 
     </span>
     <span class='ocr_line' id='line_1_7' title="bbox 88 1038 1164 1120; baseline 0.006 -21"><span class='ocrx_word' id='word_1_47' title='bbox 88 1038 208 1118; x_wconf 91' lang='lat' dir='ltr'>Pepulit</span> <span class='ocrx_word' id='word_1_48' title='bbox 242 1059 314 1118; x_wconf 82' lang='lat' dir='ltr'>ergo</span> <span class='ocrx_word' id='word_1_49' title='bbox 343 1041 592 1120; x_wconf 71' lang='lat' dir='ltr'>quotiescumque</span> <span class='ocrx_word' id='word_1_50' title='bbox 626 1057 807 1116; x_wconf 86' lang='lat' dir='ltr'>congressus</span> <span class='ocrx_word' id='word_1_51' title='bbox 838 1050 886 1102; x_wconf 89' lang='lat' dir='ltr'>est</span> <span class='ocrx_word' id='word_1_52' title='bbox 912 1044 1005 1103; x_wconf 89' lang='lat' dir='ltr'>multo</span> <span class='ocrx_word' id='word_1_53' title='bbox 1033 1044 1164 1105; x_wconf 89' lang='lat' dir='ltr'>maiores</span> 
     </span>
     <span class='ocr_line' id='line_1_8' title="bbox 8 1124 1164 1205; baseline 0.004 -21"><span class='ocrx_word' id='word_1_54' title='bbox 8 1202 9 1205; x_wconf 7' lang='grc' dir='ltr'><strong>Ἴ</strong></span> <span class='ocrx_word' id='word_1_55' title='bbox 88 1124 327 1186; x_wconf 87' lang='lat' dir='ltr'>adversariorum</span> <span class='ocrx_word' id='word_1_56' title='bbox 350 1125 454 1203; x_wconf 87' lang='lat' dir='ltr'>copias</span> <span class='ocrx_word' id='word_1_57' title='bbox 474 1133 505 1185; x_wconf 91' lang='lat' dir='ltr'>et</span> <span class='ocrx_word' id='word_1_58' title='bbox 526 1125 571 1185; x_wconf 87' lang='lat' dir='ltr'>sic</span> <span class='ocrx_word' id='word_1_59' title='bbox 594 1125 624 1185; x_wconf 89' lang='lat' dir='ltr'>in</span> <span class='ocrx_word' id='word_1_60' title='bbox 646 1126 717 1186; x_wconf 90' lang='lat' dir='ltr'>Asia</span> <span class='ocrx_word' id='word_1_61' title='bbox 739 1135 874 1186; x_wconf 88' lang='lat' dir='ltr'>vorsatus</span> <span class='ocrx_word' id='word_1_62' title='bbox 897 1135 943 1186; x_wconf 89' lang='lat' dir='ltr'>est</span> <span class='ocrx_word' id='word_1_63' title='bbox 969 1135 1003 1188; x_wconf 94' lang='lat' dir='ltr'>ut</span> <span class='ocrx_word' id='word_1_64' title='bbox 1030 1128 1164 1202; x_wconf 83' lang='lat' dir='ltr'>omnium</span> 
     </span>
     <span class='ocr_line' id='line_1_9' title="bbox 87 1208 573 1285; baseline 0.004 -19"><span class='ocrx_word' id='word_1_65' title='bbox 87 1208 232 1285; x_wconf 90' lang='lat' dir='ltr'>opinione</span> <span class='ocrx_word' id='word_1_66' title='bbox 255 1209 351 1269; x_wconf 84' lang='lat' dir='ltr'>victor</span> <span class='ocrx_word' id='word_1_67' title='bbox 376 1211 545 1270; x_wconf 81' lang='lat' dir='ltr'>duceretur.</span> <span class='ocrx_word' id='word_1_68' title='bbox 560 1208 573 1254; x_wconf 77' lang='lat'>&#39;.</span> 
     </span>
    </p>

    <p class='ocr_par' dir='ltr' id='par_1_3' title="bbox 8 1286 1208 1625">
     <span class='ocr_line' id='line_1_10' title="bbox 172 1286 1208 1372; baseline 0.002 -19"><span class='ocrx_word' id='word_1_69' title='bbox 172 1293 229 1353; x_wconf 90' lang='lat' dir='ltr'>Hic</span> <span class='ocrx_word' id='word_1_70' title='bbox 251 1312 319 1354; x_wconf 88' lang='lat' dir='ltr'>oum</span> <span class='ocrx_word' id='word_1_71' title='bbox 341 1294 400 1355; x_wconf 92' lang='lat' dir='ltr'>iam</span> <span class='ocrx_word' id='word_1_72' title='bbox 423 1293 521 1354; x_wconf 89' lang='lat' dir='ltr'>animo</span> <span class='ocrx_word' id='word_1_73' title='bbox 550 1292 746 1353; x_wconf 82' lang='lat' dir='ltr'>meditaretur</span> <span class='ocrx_word' id='word_1_74' title='bbox 772 1286 924 1372; x_wconf 82' lang='lat' dir='ltr'>proficisci</span> <span class='ocrx_word' id='word_1_75' title='bbox 952 1293 982 1352; x_wconf 93' lang='lat' dir='ltr'>in</span> <span class='ocrx_word' id='word_1_76' title='bbox 1004 1292 1113 1354; x_wconf 83' lang='lat' dir='ltr'>Persas</span> <span class='ocrx_word' id='word_1_77' title='bbox 1136 1303 1166 1355; x_wconf 87' lang='lat' dir='ltr'>et</span> <span class='ocrx_word' id='word_1_78' title='bbox 1186 1293 1208 1361; x_wconf 84' lang='lat'>4</span> 
     </span>
     <span class='ocr_line' id='line_1_11' title="bbox 8 1375 1164 1454; baseline 0.003 -19"><span class='ocrx_word' id='word_1_79' title='bbox 8 1408 17 1417; x_wconf 69' lang='lat'>,.</span> <span class='ocrx_word' id='word_1_80' title='bbox 87 1376 187 1454; x_wconf 91' lang='lat' dir='ltr'>ipsum</span> <span class='ocrx_word' id='word_1_81' title='bbox 209 1393 311 1453; x_wconf 84' lang='lat' dir='ltr'>regem</span> <span class='ocrx_word' id='word_1_82' title='bbox 334 1375 456 1451; x_wconf 74' lang='lat' dir='ltr'>adoriri</span> <span class='ocrx_word' id='word_1_83' title='bbox 481 1378 602 1438; x_wconf 87' lang='lat' dir='ltr'>nuntius</span> <span class='ocrx_word' id='word_1_84' title='bbox 625 1379 652 1437; x_wconf 87' lang='lat' dir='ltr'>ei</span> <span class='ocrx_word' id='word_1_85' title='bbox 671 1377 760 1437; x_wconf 92' lang='lat' dir='ltr'>domo</span> <span class='ocrx_word' id='word_1_86' title='bbox 776 1378 857 1438; x_wconf 86' lang='lat' dir='ltr'>venit</span> <span class='ocrx_word' id='word_1_87' title='bbox 872 1377 1053 1454; x_wconf 83' lang='lat' dir='ltr'>ephororum</span> <span class='ocrx_word' id='word_1_88' title='bbox 1070 1378 1164 1438; x_wconf 86' lang='lat' dir='ltr'>missu</span> 
     </span>
     <span class='ocr_line' id='line_1_12' title="bbox 85 1460 1164 1540; baseline 0 -17"><span class='ocrx_word' id='word_1_89' title='bbox 85 1460 198 1523; x_wconf 87' lang='lat' dir='ltr'>bellum</span> <span class='ocrx_word' id='word_1_90' title='bbox 220 1461 418 1524; x_wconf 81' lang='lat' dir='ltr'>Athenienses</span> <span class='ocrx_word' id='word_1_91' title='bbox 435 1472 465 1524; x_wconf 88' lang='lat' dir='ltr'>et</span> <span class='ocrx_word' id='word_1_92' title='bbox 477 1462 609 1523; x_wconf 82' lang='lat' dir='ltr'>Boeotos</span> <span class='ocrx_word' id='word_1_93' title='bbox 624 1460 769 1522; x_wconf 84' lang='lat' dir='ltr'>indixisse</span> <span class='ocrx_word' id='word_1_94' title='bbox 783 1461 1048 1534; x_wconf 81' lang='lat' dir='ltr'>Lacedaemoniis3</span> <span class='ocrx_word' id='word_1_95' title='bbox 1074 1481 1164 1540; x_wconf 87' lang='lat' dir='ltr'>quare</span> 
     </span>
     <span class='ocr_line' id='line_1_13' title="bbox 86 1544 1205 1625; baseline 0.004 -21"><span class='ocrx_word' id='word_1_96' title='bbox 86 1545 189 1606; x_wconf 83' lang='lat' dir='ltr'>venire</span> <span class='ocrx_word' id='word_1_97' title='bbox 219 1564 270 1613; x_wconf 81' lang='lat' dir='ltr'>ne,</span> <span class='ocrx_word' id='word_1_98' title='bbox 285 1546 446 1608; x_wconf 85' lang='lat' dir='ltr'>dubitaret.</span> <span class='ocrx_word' id='word_1_99' title='bbox 494 1547 528 1607; x_wconf 95' lang='lat' dir='ltr'>ln</span> <span class='ocrx_word' id='word_1_100' title='bbox 557 1546 615 1606; x_wconf 90' lang='lat' dir='ltr'>hoc</span> <span class='ocrx_word' id='word_1_101' title='bbox 643 1562 704 1605; x_wconf 93' lang='lat' dir='ltr'>non</span> <span class='ocrx_word' id='word_1_102' title='bbox 734 1545 833 1606; x_wconf 89' lang='lat' dir='ltr'>minus</span> <span class='ocrx_word' id='word_1_103' title='bbox 857 1546 922 1606; x_wconf 88' lang='lat' dir='ltr'>eius</span> <span class='ocrx_word' id='word_1_104' title='bbox 943 1544 1041 1623; x_wconf 89' lang='lat' dir='ltr'>pietas</span> <span class='ocrx_word' id='word_1_105' title='bbox 1064 1547 1163 1625; x_wconf 90' lang='lat' dir='ltr'>suspi·</span> <span class='ocrx_word' id='word_1_106' title='bbox 1187 1551 1205 1608; x_wconf 85' lang='lat'>2</span> 
     </span>
    </p>
   </div>
   <div class='ocr_carea' id='block_1_3' title="bbox 8 1626 1259 1711">
    <p class='ocr_par' dir='ltr' id='par_1_4' title="bbox 8 1620 1363 1719">
     <span class='ocr_line' id='line_1_14' title="bbox 8 1626 1259 1711; baseline -0.001 -22"><span class='ocrx_word' id='word_1_107' title='bbox 8 1702 10 1711; x_wconf 11' lang='lat' dir='ltr'><em>J</em></span> <span class='ocrx_word' id='word_1_108' title='bbox 85 1629 194 1690; x_wconf 88' lang='lat' dir='ltr'>cienda</span> <span class='ocrx_word' id='word_1_109' title='bbox 214 1626 269 1692; x_wconf 68' lang='lat' dir='ltr'>&#39;est</span> <span class='ocrx_word' id='word_1_110' title='bbox 296 1649 385 1710; x_wconf 91' lang='lat' dir='ltr'>quam</span> <span class='ocrx_word' id='word_1_111' title='bbox 413 1631 506 1691; x_wconf 87' lang='lat' dir='ltr'>virtus</span> <span class='ocrx_word' id='word_1_112' title='bbox 533 1629 660 1690; x_wconf 90' lang='lat' dir='ltr'>bellica:</span> <span class='ocrx_word' id='word_1_113' title='bbox 692 1630 745 1708; x_wconf 89' lang='lat' dir='ltr'>qui</span> <span class='ocrx_word' id='word_1_114' title='bbox 774 1648 840 1690; x_wconf 88' lang='lat' dir='ltr'>cum</span> <span class='ocrx_word' id='word_1_115' title='bbox 873 1628 979 1690; x_wconf 87' lang='lat' dir='ltr'>victori</span> <span class='ocrx_word' id='word_1_116' title='bbox 1007 1642 1164 1708; x_wconf 85' lang='lat' dir='ltr'>praeesset</span> <span class='ocrx_word' id='word_1_117' title='bbox 1257 1678 1259 1681; x_wconf 15' lang='lat' dir='ltr'>a</span> 
     </span>
    </p>
   </div>
   <div class='ocr_carea' id='block_1_4' title="bbox 8 1713 1256 2214">
    <p class='ocr_par' dir='ltr' id='par_1_5' title="bbox 8 1713 1256 2214">
     <span class='ocr_line' id='line_1_15' title="bbox 85 1713 1163 1794; baseline 0.001 -20"><span class='ocrx_word' id='word_1_118' title='bbox 85 1714 230 1775; x_wconf 85' lang='lat' dir='ltr'>exercitui</span> <span class='ocrx_word' id='word_1_119' title='bbox 258 1715 475 1794; x_wconf 81' lang='lat' dir='ltr'>maximamque</span> <span class='ocrx_word' id='word_1_120' title='bbox 506 1714 631 1775; x_wconf 89' lang='lat' dir='ltr'>haberet</span> <span class='ocrx_word' id='word_1_121' title='bbox 657 1714 795 1774; x_wconf 82' lang='lat' dir='ltr'>fiduciam</span> <span class='ocrx_word' id='word_1_122' title='bbox 817 1713 903 1791; x_wconf 90' lang='lat' dir='ltr'>regni</span> <span class='ocrx_word' id='word_1_123' title='bbox 925 1714 1084 1774; x_wconf 87' lang='lat' dir='ltr'>Persarum</span> <span class='ocrx_word' id='word_1_124' title='bbox 1108 1733 1163 1793; x_wconf 91' lang='lat' dir='ltr'>po-</span> 
     </span>
     <span class='ocr_line' id='line_1_16' title="bbox 84 1797 1163 1871; baseline 0.002 -14"><span class='ocrx_word' id='word_1_125' title='bbox 84 1798 199 1871; x_wconf 88' lang='lat' dir='ltr'>tiundi,</span> <span class='ocrx_word' id='word_1_126' title='bbox 231 1806 310 1859; x_wconf 87' lang='lat' dir='ltr'>tanta</span> <span class='ocrx_word' id='word_1_127' title='bbox 339 1798 485 1860; x_wconf 86' lang='lat' dir='ltr'>modestia</span> <span class='ocrx_word' id='word_1_128' title='bbox 515 1798 596 1859; x_wconf 90' lang='lat' dir='ltr'>dicto</span> <span class='ocrx_word' id='word_1_129' title='bbox 624 1798 750 1859; x_wconf 90' lang='lat' dir='ltr'>audiens</span> <span class='ocrx_word' id='word_1_130' title='bbox 772 1798 834 1858; x_wconf 86' lang='lat' dir='ltr'>luit</span> <span class='ocrx_word' id='word_1_131' title='bbox 866 1797 959 1859; x_wconf 90' lang='lat' dir='ltr'>iussis</span> <span class='ocrx_word' id='word_1_132' title='bbox 993 1797 1163 1859; x_wconf 86' lang='lat' dir='ltr'>absentium</span> 
     </span>
     <span class='ocr_line' id='line_1_17' title="bbox 84 1882 1163 1962; baseline 0.001 -20"><span class='ocrx_word' id='word_1_133' title='bbox 84 1882 312 1960; x_wconf 80' lang='lat' dir='ltr'>magistratuum</span> <span class='ocrx_word' id='word_1_134' title='bbox 336 1893 367 1944; x_wconf 89' lang='lat' dir='ltr'>ut</span> <span class='ocrx_word' id='word_1_135' title='bbox 390 1885 415 1944; x_wconf 90' lang='lat' dir='ltr'>si</span> <span class='ocrx_word' id='word_1_136' title='bbox 438 1885 571 1962; x_wconf 85' lang='lat' dir='ltr'>privatus</span> <span class='ocrx_word' id='word_1_137' title='bbox 595 1884 626 1943; x_wconf 91' lang='lat' dir='ltr'>in</span> <span class='ocrx_word' id='word_1_138' title='bbox 650 1882 772 1943; x_wconf 89' lang='lat' dir='ltr'>comitio</span> <span class='ocrx_word' id='word_1_139' title='bbox 793 1889 875 1942; x_wconf 89' lang='lat' dir='ltr'>esset</span> <span class='ocrx_word' id='word_1_140' title='bbox 891 1883 1026 1960; x_wconf 83' lang='lat' dir='ltr'>Spartae.</span> <span class='ocrx_word' id='word_1_141' title='bbox 1071 1882 1163 1944; x_wconf 83' lang='lat' dir='ltr'>Cuius</span> 
     </span>
     <span class='ocr_line' id='line_1_18' title="bbox 8 1964 1162 2047; baseline 0.002 -21"><span class='ocrx_word' id='word_1_142' title='bbox 8 1990 10 1993; x_wconf 93' lang='lat'>·</span> <span class='ocrx_word' id='word_1_143' title='bbox 85 1967 253 2046; x_wconf 85' lang='lat' dir='ltr'>exemplum</span> <span class='ocrx_word' id='word_1_144' title='bbox 282 1969 397 2029; x_wconf 89' lang='lat' dir='ltr'>utinam</span> <span class='ocrx_word' id='word_1_145' title='bbox 425 1970 623 2047; x_wconf 86' lang='lat' dir='ltr'>imperatores</span> <span class='ocrx_word' id='word_1_146' title='bbox 652 1966 749 2026; x_wconf 89' lang='lat' dir='ltr'>nostri</span> <span class='ocrx_word' id='word_1_147' title='bbox 776 1965 864 2045; x_wconf 91' lang='lat' dir='ltr'>sequi</span> <span class='ocrx_word' id='word_1_148' title='bbox 891 1964 1073 2025; x_wconf 86' lang='lat' dir='ltr'>voluisseut!</span> <span class='ocrx_word' id='word_1_149' title='bbox 1103 1967 1162 2028; x_wconf 85' lang='lat' dir='ltr'>Sed</span> 
     </span>
     <span class='ocr_line' id='line_1_19' title="bbox 84 2050 1204 2129; baseline 0.001 -19"><span class='ocrx_word' id='word_1_150' title='bbox 84 2050 157 2112; x_wconf 90' lang='lat' dir='ltr'>illuc</span> <span class='ocrx_word' id='word_1_151' title='bbox 188 2053 358 2114; x_wconf 88' lang='lat' dir='ltr'>redeamus.</span> <span class='ocrx_word' id='word_1_152' title='bbox 408 2053 564 2129; x_wconf 77' lang='lat' dir='ltr'>Agesilaus</span> <span class='ocrx_word' id='word_1_153' title='bbox 594 2051 825 2129; x_wconf 90' lang='lat' dir='ltr'>opulentissimo</span> <span class='ocrx_word' id='word_1_154' title='bbox 859 2066 953 2125; x_wconf 85' lang='lat' dir='ltr'>regno</span> <span class='ocrx_word' id='word_1_155' title='bbox 988 2050 1204 2127; x_wconf 84' lang='lat' dir='ltr'>praeposuit3</span> 
     </span>
     <span class='ocr_line' id='line_1_20' title="bbox 84 2131 1256 2214; baseline -0.003 -19"><span class='ocrx_word' id='word_1_156' title='bbox 84 2135 196 2196; x_wconf 76' lang='lat' dir='ltr'>bonam</span> <span class='ocrx_word' id='word_1_157' title='bbox 219 2136 472 2197; x_wconf 79' lang='lat' dir='ltr'>existimationem</span> <span class='ocrx_word' id='word_1_158' title='bbox 493 2137 647 2214; x_wconf 90' lang='lat' dir='ltr'>multoque</span> <span class='ocrx_word' id='word_1_159' title='bbox 670 2133 831 2212; x_wconf 86' lang='lat' dir='ltr'>gloriosius</span> <span class='ocrx_word' id='word_1_160' title='bbox 854 2132 938 2191; x_wconf 81' lang='lat' dir='ltr'>duxit</span> <span class='ocrx_word' id='word_1_161' title='bbox 962 2131 988 2205; x_wconf 85' lang='lat' dir='ltr'>si</span> <span class='ocrx_word' id='word_1_162' title='bbox 1016 2132 1161 2193; x_wconf 82' lang='lat' dir='ltr'>institutis</span> <span class='ocrx_word' id='word_1_163' title='bbox 1253 2152 1256 2155; x_wconf 69' lang='grc'>’</span> 
     </span>
    </p>
   </div>
   <div class='ocr_carea' id='block_1_5' title="bbox 49 2209 1327 2301">
    <p class='ocr_par' dir='ltr' id='par_1_6' title="bbox 49 2209 1327 2301">
     <span class='ocr_line' id='line_1_21' title="bbox 49 2209 1327 2301; baseline -0.002 -21"><span class='ocrx_word' id='word_1_164' title='bbox 49 2222 50 2229; x_wconf 75' lang='grc'>’</span> <span class='ocrx_word' id='word_1_165' title='bbox 84 2220 202 2298; x_wconf 89' lang='lat' dir='ltr'>patriae</span> <span class='ocrx_word' id='word_1_166' title='bbox 224 2221 375 2299; x_wconf 87' lang='lat' dir='ltr'>paruisset</span> <span class='ocrx_word' id='word_1_167' title='bbox 398 2240 485 2300; x_wconf 89' lang='lat' dir='ltr'>quam</span> <span class='ocrx_word' id='word_1_168' title='bbox 514 2221 541 2281; x_wconf 93' lang='lat' dir='ltr'>si</span> <span class='ocrx_word' id='word_1_169' title='bbox 569 2218 648 2280; x_wconf 86' lang='lat' dir='ltr'>bello</span> <span class='ocrx_word' id='word_1_170' title='bbox 672 2225 847 2297; x_wconf 86' lang='lat' dir='ltr'>superasset</span> <span class='ocrx_word' id='word_1_171' title='bbox 859 2209 978 2278; x_wconf 83' lang='lat' dir='ltr'>&#39;Asiam</span> <span class='ocrx_word' id='word_1_172' title='bbox 1022 2216 1084 2301; x_wconf 83' lang='lat' dir='ltr'>Hac</span> <span class='ocrx_word' id='word_1_173' title='bbox 1107 2216 1204 2292; x_wconf 85' lang='lat' dir='ltr'>igi-4</span> <span class='ocrx_word' id='word_1_174' title='bbox 1304 2255 1327 2271; x_wconf 65' lang='grc'>»</span> 
     </span>
    </p>
   </div>
   <div class='ocr_carea' id='block_1_6' title="bbox 8 2303 1163 2467">
    <p class='ocr_par' dir='ltr' id='par_1_7' title="bbox 8 2303 1163 2467">
     <span class='ocr_line' id='line_1_22' title="bbox 86 2303 1159 2384; baseline -0.001 -20"><span class='ocrx_word' id='word_1_175' title='bbox 86 2312 134 2365; x_wconf 86' lang='lat' dir='ltr'>tur</span> <span class='ocrx_word' id='word_1_176' title='bbox 155 2313 257 2366; x_wconf 90' lang='lat' dir='ltr'>mente</span> <span class='ocrx_word' id='word_1_177' title='bbox 278 2305 504 2384; x_wconf 86' lang='lat' dir='ltr'>Hellespontum</span> <span class='ocrx_word' id='word_1_178' title='bbox 528 2304 632 2383; x_wconf 86' lang='lat' dir='ltr'>copias</span> <span class='ocrx_word' id='word_1_179' title='bbox 657 2303 774 2364; x_wconf 87' lang='lat' dir='ltr'>traiecit</span> <span class='ocrx_word' id='word_1_180' title='bbox 795 2309 936 2380; x_wconf 89' lang='lat' dir='ltr'>tantaque</span> <span class='ocrx_word' id='word_1_181' title='bbox 959 2319 1031 2362; x_wconf 90' lang='lat' dir='ltr'>usus</span> <span class='ocrx_word' id='word_1_182' title='bbox 1048 2309 1095 2362; x_wconf 90' lang='lat' dir='ltr'>est</span> <span class='ocrx_word' id='word_1_183' title='bbox 1109 2320 1159 2363; x_wconf 84' lang='lat' dir='ltr'>ce-</span> 
     </span>
     <span class='ocr_line' id='line_1_23' title="bbox 8 2385 1163 2467; baseline -0.003 -18"><span class='ocrx_word' id='word_1_184' title='bbox 8 2432 10 2447; x_wconf 38' lang='lat'>:</span> <span class='ocrx_word' id='word_1_185' title='bbox 84 2388 204 2450; x_wconf 85' lang='lat' dir='ltr'>lenitate</span> <span class='ocrx_word' id='word_1_186' title='bbox 234 2398 265 2450; x_wconf 91' lang='lat' dir='ltr'>ut</span> <span class='ocrx_word' id='word_1_187' title='bbox 294 2391 373 2467; x_wconf 94' lang='lat' dir='ltr'>quod</span> <span class='ocrx_word' id='word_1_188' title='bbox 408 2390 465 2450; x_wconf 89' lang='lat' dir='ltr'>iter</span> <span class='ocrx_word' id='word_1_189' title='bbox 491 2389 605 2453; x_wconf 83' lang='lat' dir='ltr'>Xerxes</span> <span class='ocrx_word' id='word_1_190' title='bbox 634 2407 712 2448; x_wconf 92' lang='lat' dir='ltr'>anno</span> <span class='ocrx_word' id='word_1_191' title='bbox 745 2393 879 2446; x_wconf 89' lang='lat' dir='ltr'>vertente</span> <span class='ocrx_word' id='word_1_192' title='bbox 914 2386 1086 2445; x_wconf 85' lang='lat' dir='ltr'>coniecerat</span> <span class='ocrx_word' id='word_1_193' title='bbox 1108 2385 1163 2463; x_wconf 72' lang='lat' dir='ltr'>vliic</span> 
     </span>
    </p>
   </div>
   <div class='ocr_carea' id='block_1_7' title="bbox 85 2469 1203 2554">
    <p class='ocr_par' dir='ltr' id='par_1_8' title="bbox 85 2469 1203 2554">
     <span class='ocr_line' id='line_1_24' title="bbox 85 2469 1203 2554; baseline -0.004 -20"><span class='ocrx_word' id='word_1_194' title='bbox 85 2473 241 2535; x_wconf 84' lang='lat' dir='ltr'>transierit</span> <span class='ocrx_word' id='word_1_195' title='bbox 261 2493 316 2534; x_wconf 83' lang='lat' dir='ltr'>xxx</span> <span class='ocrx_word' id='word_1_196' title='bbox 345 2475 462 2554; x_wconf 75' lang='lat' dir='ltr'>diebus.</span> <span class='ocrx_word' id='word_1_197' title='bbox 512 2474 585 2536; x_wconf 83' lang='lat' dir='ltr'>Cum</span> <span class='ocrx_word' id='word_1_198' title='bbox 615 2473 675 2534; x_wconf 89' lang='lat' dir='ltr'>iam</span> <span class='ocrx_word' id='word_1_199' title='bbox 702 2471 782 2533; x_wconf 89' lang='lat' dir='ltr'>haud</span> <span class='ocrx_word' id='word_1_200' title='bbox 810 2470 852 2531; x_wconf 90' lang='lat' dir='ltr'>ita</span> <span class='ocrx_word' id='word_1_201' title='bbox 881 2470 969 2547; x_wconf 86' lang='lat' dir='ltr'>longe</span> <span class='ocrx_word' id='word_1_202' title='bbox 997 2469 1118 2530; x_wconf 86' lang='lat' dir='ltr'>abesset</span> <span class='ocrx_word' id='word_1_203' title='bbox 1146 2489 1162 2529; x_wconf 93' lang='lat' dir='ltr'>a</span> <span class='ocrx_word' id='word_1_204' title='bbox 1186 2473 1203 2529; x_wconf 82' lang='lat'>5</span> 
     </span>
    </p>
   </div>
   <div class='ocr_carea' id='block_1_8' title="bbox 83 2632 1165 2907">
    <p class='ocr_par' dir='ltr' id='par_1_9' title="bbox 83 2632 1165 2907">
     <span class='ocr_line' id='line_1_25' title="bbox 84 2632 1165 2705; baseline -0.007 -15"><span class='ocrx_word' id='word_1_205' title='bbox 84 2638 188 2691; x_wconf 79' lang='lat' dir='ltr'>Treffeu</span> <span class='ocrx_word' id='word_1_206' title='bbox 201 2655 252 2705; x_wconf 16' lang='lat' dir='ltr'>&#39;vor</span> <span class='ocrx_word' id='word_1_207' title='bbox 269 2641 318 2690; x_wconf 89' lang='lat' dir='ltr'>und</span> <span class='ocrx_word' id='word_1_208' title='bbox 336 2639 385 2689; x_wconf 83' lang='lat' dir='ltr'>alle</span> <span class='ocrx_word' id='word_1_209' title='bbox 403 2639 429 2688; x_wconf 90' lang='lat' dir='ltr'>in</span> <span class='ocrx_word' id='word_1_210' title='bbox 449 2640 496 2688; x_wconf 86' lang='lat' dir='ltr'>der</span> <span class='ocrx_word' id='word_1_211' title='bbox 513 2639 599 2689; x_wconf 86' lang='lat' dir='ltr'>Ebene</span> <span class='ocrx_word' id='word_1_212' title='bbox 650 2637 727 2687; x_wconf 88' lang='lat' dir='ltr'>leicht</span> <span class='ocrx_word' id='word_1_213' title='bbox 751 2639 892 2698; x_wconf 81' lang='lat' dir='ltr'>Augustus,</span> <span class='ocrx_word' id='word_1_214' title='bbox 930 2649 978 2683; x_wconf 86' lang='lat' dir='ltr'>von</span> <span class='ocrx_word' id='word_1_215' title='bbox 1001 2633 1089 2683; x_wconf 86' lang='lat' dir='ltr'>denen</span> <span class='ocrx_word' id='word_1_216' title='bbox 1102 2670 1105 2673; x_wconf 88' lang='lat'>-</span> <span class='ocrx_word' id='word_1_217' title='bbox 1118 2632 1165 2682; x_wconf 86' lang='lat' dir='ltr'>dor</span> 
     </span>
     <span class='ocr_line' id='line_1_26' title="bbox 85 2699 1164 2772; baseline -0.01 -13"><span class='ocrx_word' id='word_1_218' title='bbox 85 2714 167 2772; x_wconf 73' lang='lat' dir='ltr'>gagen</span> <span class='ocrx_word' id='word_1_219' title='bbox 186 2709 226 2758; x_wconf 90' lang='lat' dir='ltr'>die</span> <span class='ocrx_word' id='word_1_220' title='bbox 244 2707 358 2758; x_wconf 88' lang='lat' dir='ltr'>Reiterei</span> <span class='ocrx_word' id='word_1_221' title='bbox 376 2709 422 2757; x_wconf 86' lang='lat' dir='ltr'>der</span> <span class='ocrx_word' id='word_1_222' title='bbox 439 2707 546 2764; x_wconf 83' lang='lat' dir='ltr'>Feinde;</span> <span class='ocrx_word' id='word_1_223' title='bbox 574 2707 600 2755; x_wconf 86' lang='lat' dir='ltr'>iu</span> <span class='ocrx_word' id='word_1_224' title='bbox 651 2712 719 2755; x_wconf 81' lang='lat' dir='ltr'>erote</span> <span class='ocrx_word' id='word_1_225' title='bbox 737 2707 862 2759; x_wconf 81' lang='lat' dir='ltr'>705u.u.‚</span> <span class='ocrx_word' id='word_1_226' title='bbox 884 2703 916 2752; x_wconf 82' lang='grc'>49</span> <span class='ocrx_word' id='word_1_227' title='bbox 933 2699 1012 2749; x_wconf 84' lang='lat' dir='ltr'>v.Ch.</span> <span class='ocrx_word' id='word_1_228' title='bbox 1031 2700 1084 2749; x_wconf 85' lang='lat' dir='ltr'>sich</span> <span class='ocrx_word' id='word_1_229' title='bbox 1101 2701 1164 2749; x_wconf 79' lang='lat' dir='ltr'>wei-</span> 
     </span>
     <span class='ocr_line' id='line_1_27' title="bbox 83 2766 1164 2842; baseline -0.008 -16"><span class='ocrx_word' id='word_1_230' title='bbox 83 2777 141 2826; x_wconf 91' lang='lat' dir='ltr'>dem</span> <span class='ocrx_word' id='word_1_231' title='bbox 150 2777 324 2842; x_wconf 81' lang='lat' dir='ltr'>Haupttreffen</span> <span class='ocrx_word' id='word_1_232' title='bbox 343 2774 599 2836; x_wconf 83' lang='lat' dir='ltr'>amPaotelussiegte</span> <span class='ocrx_word' id='word_1_233' title='bbox 651 2780 722 2836; x_wconf 78' lang='lat' dir='ltr'>gente</span> <span class='ocrx_word' id='word_1_234' title='bbox 752 2770 821 2820; x_wconf 89' lang='lat' dir='ltr'>seine</span> <span class='ocrx_word' id='word_1_235' title='bbox 845 2766 985 2817; x_wconf 86' lang='lat' dir='ltr'>Provinzen</span> <span class='ocrx_word' id='word_1_236' title='bbox 1009 2767 1056 2816; x_wconf 86' lang='lat' dir='ltr'>aul</span> <span class='ocrx_word' id='word_1_237' title='bbox 1075 2767 1164 2817; x_wconf 77' lang='lat' dir='ltr'>Befehl</span> 
     </span>
     <span class='ocr_line' id='line_1_28' title="bbox 84 2834 1163 2907; baseline -0.01 -13"><span class='ocrx_word' id='word_1_238' title='bbox 84 2844 232 2907; x_wconf 82' lang='lat' dir='ltr'>Agesilaus,</span> <span class='ocrx_word' id='word_1_239' title='bbox 254 2843 279 2892; x_wconf 90' lang='lat' dir='ltr'>in</span> <span class='ocrx_word' id='word_1_240' title='bbox 307 2844 355 2892; x_wconf 87' lang='lat' dir='ltr'>den</span> <span class='ocrx_word' id='word_1_241' title='bbox 378 2843 469 2891; x_wconf 86' lang='lat' dir='ltr'>beiden</span> <span class='ocrx_word' id='word_1_242' title='bbox 493 2843 595 2900; x_wconf 89' lang='lat' dir='ltr'>anderu,</span> <span class='ocrx_word' id='word_1_243' title='bbox 650 2840 695 2889; x_wconf 88' lang='lat' dir='ltr'>des</span> <span class='ocrx_word' id='word_1_244' title='bbox 720 2839 810 2887; x_wconf 83' lang='lat' dir='ltr'>Senats</span> <span class='ocrx_word' id='word_1_245' title='bbox 834 2834 1003 2896; x_wconf 80' lang='lat' dir='ltr'>aulzugeben‚</span> <span class='ocrx_word' id='word_1_246' title='bbox 1041 2834 1163 2884; x_wconf 79' lang='lat' dir='ltr'>Antonius</span> 
     </span>
    </p>
   </div>
   <div class='ocr_carea' id='block_1_9' title="bbox 9 2901 1163 2964">
    <p class='ocr_par' dir='ltr' id='par_1_10' title="bbox 9 2901 1163 2964">
     <span class='ocr_line' id='line_1_29' title="bbox 9 2901 1163 2964; baseline -0.01 -2"><span class='ocrx_word' id='word_1_247' title='bbox 9 2902 10 2905; x_wconf 28' lang='lat'>¹</span> <span class='ocrx_word' id='word_1_248' title='bbox 83 2908 183 2963; x_wconf 66' lang='lat' dir='ltr'>melche</span> <span class='ocrx_word' id='word_1_249' title='bbox 201 2910 391 2960; x_wconf 86' lang='lat' dir='ltr'>unbodeuteude</span> <span class='ocrx_word' id='word_1_250' title='bbox 408 2909 529 2959; x_wconf 81' lang='lat' dir='ltr'>Geleelste</span> <span class='ocrx_word' id='word_1_251' title='bbox 548 2924 600 2958; x_wconf 86' lang='lat' dir='ltr'>wa·</span> <span class='ocrx_word' id='word_1_252' title='bbox 651 2909 732 2958; x_wconf 78' lang='lat' dir='ltr'>&#39;lldu</span> <span class='ocrx_word' id='word_1_253' title='bbox 742 2905 859 2963; x_wconf 52' lang='lat' dir='ltr'>usdlv.</span> <span class='ocrx_word' id='word_1_254' title='bbox 870 2901 914 2950; x_wconf 87' lang='lat' dir='ltr'>Ch.</span> <span class='ocrx_word' id='word_1_255' title='bbox 941 2915 1021 2964; x_wconf 79' lang='lat' dir='ltr'>gegen</span> <span class='ocrx_word' id='word_1_256' title='bbox 1044 2901 1093 2950; x_wconf 85' lang='lat' dir='ltr'>den</span> <span class='ocrx_word' id='word_1_257' title='bbox 1116 2901 1163 2951; x_wconf 79' lang='lat' dir='ltr'>Be·</span> 
     </span>
    </p>
   </div>
   <div class='ocr_carea' id='block_1_10' title="bbox 8 2967 1199 3601">
    <p class='ocr_par' dir='ltr' id='par_1_11' title="bbox 8 2967 1164 3179">
     <span class='ocr_line' id='line_1_30' title="bbox 83 2967 1163 3044; baseline -0.013 -13"><span class='ocrx_word' id='word_1_258' title='bbox 83 2994 144 3038; x_wconf 84' lang='lat' dir='ltr'>ren,</span> <span class='ocrx_word' id='word_1_259' title='bbox 173 2980 260 3028; x_wconf 86' lang='lat' dir='ltr'>hutten</span> <span class='ocrx_word' id='word_1_260' title='bbox 282 2978 323 3027; x_wconf 90' lang='lat' dir='ltr'>die</span> <span class='ocrx_word' id='word_1_261' title='bbox 340 2977 434 3027; x_wconf 86' lang='lat' dir='ltr'>Perser</span> <span class='ocrx_word' id='word_1_262' title='bbox 457 2976 507 3042; x_wconf 80' lang='lat' dir='ltr'>die¹</span> <span class='ocrx_word' id='word_1_263' title='bbox 521 2977 600 3027; x_wconf 86' lang='lat' dir='ltr'>Obor-</span> <span class='ocrx_word' id='word_1_264' title='bbox 651 2973 702 3023; x_wconf 83' lang='lat' dir='ltr'>lelil</span> <span class='ocrx_word' id='word_1_265' title='bbox 720 2974 770 3044; x_wconf 47' lang='lat' dir='ltr'>‘des</span> <span class='ocrx_word' id='word_1_266' title='bbox 789 2969 881 3021; x_wconf 84' lang='lat' dir='ltr'>Sonuts</span> <span class='ocrx_word' id='word_1_267' title='bbox 904 2969 956 3018; x_wconf 81' lang='lat' dir='ltr'>sien</span> <span class='ocrx_word' id='word_1_268' title='bbox 979 2969 1025 3018; x_wconf 84' lang='lat' dir='ltr'>mit</span> <span class='ocrx_word' id='word_1_269' title='bbox 1047 2967 1163 3020; x_wconf 69' lang='lat' dir='ltr'>Wnll‘en-</span> 
     </span>
     <span class='ocr_line' id='line_1_31' title="bbox 8 3035 1164 3109; baseline -0.012 -11"><span class='ocrx_word' id='word_1_270' title='bbox 8 3050 9 3053; x_wconf 76' lang='grc'>’</span> <span class='ocrx_word' id='word_1_271' title='bbox 83 3049 152 3098; x_wconf 75' lang='lat' dir='ltr'>hand</span> <span class='ocrx_word' id='word_1_272' title='bbox 176 3045 253 3109; x_wconf 75' lang='lat' dir='ltr'>(Xan.</span> <span class='ocrx_word' id='word_1_273' title='bbox 269 3044 334 3096; x_wconf 90' lang='lat' dir='ltr'>Hell.</span> <span class='ocrx_word' id='word_1_274' title='bbox 350 3044 392 3096; x_wconf 87' lang='grc' dir='ltr'><strong>ΙΙΙ.</strong></span> <span class='ocrx_word' id='word_1_275' title='bbox 407 3048 430 3103; x_wconf 85' lang='grc'>4,</span> <span class='ocrx_word' id='word_1_276' title='bbox 443 3046 482 3096; x_wconf 85' lang='grc'>13.</span> <span class='ocrx_word' id='word_1_277' title='bbox 498 3045 538 3096; x_wconf 83' lang='lat'>21.</span> <span class='ocrx_word' id='word_1_278' title='bbox 554 3043 597 3097; x_wconf 87' lang='lat' dir='ltr'>lV.</span> <span class='ocrx_word' id='word_1_279' title='bbox 652 3040 747 3104; x_wconf 82' lang='lat' dir='ltr'>gewalt</span> <span class='ocrx_word' id='word_1_280' title='bbox 764 3040 790 3088; x_wconf 91' lang='lat' dir='ltr'>in</span> <span class='ocrx_word' id='word_1_281' title='bbox 805 3038 890 3088; x_wconf 87' lang='lat' dir='ltr'>Besitz</span> <span class='ocrx_word' id='word_1_282' title='bbox 914 3037 960 3086; x_wconf 84' lang='lat' dir='ltr'>der</span> <span class='ocrx_word' id='word_1_283' title='bbox 977 3036 1085 3086; x_wconf 80' lang='lat' dir='ltr'>vainz</span> <span class='ocrx_word' id='word_1_284' title='bbox 1105 3035 1164 3086; x_wconf 84' lang='lat' dir='ltr'>Gul-</span> 
     </span>
     <span class='ocr_line' id='line_1_32' title="bbox 87 3104 1164 3179; baseline -0.015 -12"><span class='ocrx_word' id='word_1_285' title='bbox 87 3119 109 3175; x_wconf 86' lang='grc'>1,</span> <span class='ocrx_word' id='word_1_286' title='bbox 121 3118 174 3179; x_wconf 84' lang='lat' dir='ltr'>l&#39;l).</span> <span class='ocrx_word' id='word_1_287' title='bbox 650 3109 686 3159; x_wconf 83' lang='lat' dir='ltr'>lia</span> <span class='ocrx_word' id='word_1_288' title='bbox 704 3106 825 3173; x_wconf 85' lang='lat' dir='ltr'>cisalpina</span> <span class='ocrx_word' id='word_1_289' title='bbox 847 3114 934 3155; x_wconf 78' lang='lat' dir='ltr'>selaeu</span> <span class='ocrx_word' id='word_1_290' title='bbox 958 3104 1052 3163; x_wconf 83' lang='lat' dir='ltr'>wolltc,</span> <span class='ocrx_word' id='word_1_291' title='bbox 1079 3104 1164 3166; x_wconf 74' lang='lat' dir='ltr'>Augu·</span> 
     </span>
    </p>

    <p class='ocr_par' dir='ltr' id='par_1_12' title="bbox 8 3169 1199 3447">
     <span class='ocr_line' id='line_1_33' title="bbox 8 3169 1164 3239; baseline -0.015 -4"><span class='ocrx_word' id='word_1_292' title='bbox 8 3188 9 3193; x_wconf 77' lang='grc'>’</span> <span class='ocrx_word' id='word_1_293' title='bbox 118 3178 147 3238; x_wconf 79' lang='grc'>4.</span> <span class='ocrx_word' id='word_1_294' title='bbox 170 3185 193 3233; x_wconf 92' lang='grc'>1.</span> <span class='ocrx_word' id='word_1_295' title='bbox 214 3181 254 3231; x_wconf 86' lang='lat' dir='ltr'>ot.</span> <span class='ocrx_word' id='word_1_296' title='bbox 264 3183 305 3239; x_wconf 87' lang='grc'>96,</span> <span class='ocrx_word' id='word_1_297' title='bbox 316 3182 426 3233; x_wconf 70' lang='lat' dir='ltr'>2=3ttn</span> <span class='ocrx_word' id='word_1_298' title='bbox 609 3169 614 3177; x_wconf 66' lang='lat'><strong>⁴</strong></span> <span class='ocrx_word' id='word_1_299' title='bbox 644 3184 704 3227; x_wconf 58' lang='lat' dir='ltr'>‘stus</span> <span class='ocrx_word' id='word_1_300' title='bbox 723 3175 756 3224; x_wconf 89' lang='lat' dir='ltr'>im</span> <span class='ocrx_word' id='word_1_301' title='bbox 774 3171 990 3237; x_wconf 76' lang='lat' dir='ltr'>folgendenlame</span> <span class='ocrx_word' id='word_1_302' title='bbox 1005 3172 1054 3221; x_wconf 85' lang='lat' dir='ltr'>mit</span> <span class='ocrx_word' id='word_1_303' title='bbox 1069 3171 1164 3220; x_wconf 79' lang='lat' dir='ltr'>seinem</span> 
     </span>
     <span class='ocr_line' id='line_1_34' title="bbox 118 3239 1199 3307; baseline -0.015 -4"><span class='ocrx_word' id='word_1_304' title='bbox 118 3255 250 3303; x_wconf 69' lang='lat' dir='ltr'>indiscissa:</span> <span class='ocrx_word' id='word_1_305' title='bbox 263 3249 288 3299; x_wconf 90' lang='lat' dir='ltr'>S.</span> <span class='ocrx_word' id='word_1_306' title='bbox 299 3247 399 3298; x_wconf 85' lang='lat' dir='ltr'>zuCim.</span> <span class='ocrx_word' id='word_1_307' title='bbox 410 3250 432 3307; x_wconf 85' lang='lat'>3,</span> <span class='ocrx_word' id='word_1_308' title='bbox 443 3249 467 3303; x_wconf 84' lang='grc'>2.</span> <span class='ocrx_word' id='word_1_309' title='bbox 500 3282 504 3289; x_wconf 40' lang='grc' dir='ltr'>ι</span> <span class='ocrx_word' id='word_1_310' title='bbox 651 3243 720 3294; x_wconf 86' lang='lat' dir='ltr'>lloer</span> <span class='ocrx_word' id='word_1_311' title='bbox 752 3243 797 3293; x_wconf 86' lang='lat' dir='ltr'>das</span> <span class='ocrx_word' id='word_1_312' title='bbox 821 3239 942 3291; x_wconf 72' lang='lat' dir='ltr'>consulat</span> <span class='ocrx_word' id='word_1_313' title='bbox 967 3254 1087 3303; x_wconf 80' lang='lat' dir='ltr'>erzwang</span> <span class='ocrx_word' id='word_1_314' title='bbox 1114 3239 1164 3288; x_wconf 77' lang='lat' dir='ltr'>und</span> <span class='ocrx_word' id='word_1_315' title='bbox 1194 3271 1199 3293; x_wconf 73' lang='grc'><strong>.</strong></span> 
     </span>
     <span class='ocr_line' id='line_1_35' title="bbox 119 3306 1164 3383; baseline -0.013 -12"><span class='ocrx_word' id='word_1_316' title='bbox 119 3321 145 3371; x_wconf 82' lang='lat'>2.</span> <span class='ocrx_word' id='word_1_317' title='bbox 167 3323 228 3371; x_wconf 81' lang='lat' dir='ltr'>dicto</span> <span class='ocrx_word' id='word_1_318' title='bbox 247 3321 301 3370; x_wconf 84' lang='lat' dir='ltr'>oud.</span> <span class='ocrx_word' id='word_1_319' title='bbox 321 3317 346 3367; x_wconf 90' lang='lat' dir='ltr'>S.</span> <span class='ocrx_word' id='word_1_320' title='bbox 361 3316 460 3383; x_wconf 75' lang='lat' dir='ltr'>zuLgs.</span> <span class='ocrx_word' id='word_1_321' title='bbox 472 3317 493 3373; x_wconf 89' lang='lat' dir='ltr'>l,</span> <span class='ocrx_word' id='word_1_322' title='bbox 505 3315 528 3365; x_wconf 84' lang='lat'>2.</span> <span class='ocrx_word' id='word_1_323' title='bbox 649 3312 704 3361; x_wconf 82' lang='lat' dir='ltr'>sich</span> <span class='ocrx_word' id='word_1_324' title='bbox 721 3310 767 3360; x_wconf 86' lang='lat' dir='ltr'>mit</span> <span class='ocrx_word' id='word_1_325' title='bbox 780 3309 902 3360; x_wconf 87' lang='lat' dir='ltr'>Antonius</span> <span class='ocrx_word' id='word_1_326' title='bbox 921 3308 971 3357; x_wconf 91' lang='lat' dir='ltr'>und</span> <span class='ocrx_word' id='word_1_327' title='bbox 982 3306 1092 3373; x_wconf 82' lang='lat' dir='ltr'>Lepidus</span> <span class='ocrx_word' id='word_1_328' title='bbox 1108 3319 1164 3357; x_wconf 72' lang='lat' dir='ltr'>aunt</span> 
     </span>
     <span class='ocr_line' id='line_1_36' title="bbox 119 3374 1161 3447; baseline -0.014 -11"><span class='ocrx_word' id='word_1_329' title='bbox 119 3384 278 3436; x_wconf 82' lang='lat' dir='ltr'>Pseudoxen.</span> <span class='ocrx_word' id='word_1_330' title='bbox 288 3385 334 3447; x_wconf 79' lang='lat' dir='ltr'>Ag.</span> <span class='ocrx_word' id='word_1_331' title='bbox 347 3388 368 3443; x_wconf 83' lang='lat' dir='ltr'>l,</span> <span class='ocrx_word' id='word_1_332' title='bbox 380 3386 413 3436; x_wconf 82' lang='lat'>36</span> <span class='ocrx_word' id='word_1_333' title='bbox 431 3380 554 3434; x_wconf 74' lang='grc' dir='ltr'>ἐπείθετο</span> <span class='ocrx_word' id='word_1_334' title='bbox 567 3380 600 3442; x_wconf 80' lang='grc' dir='ltr'>τῆ</span> <span class='ocrx_word' id='word_1_335' title='bbox 650 3379 767 3429; x_wconf 82' lang='lat' dir='ltr'>triumvir</span> <span class='ocrx_word' id='word_1_336' title='bbox 784 3379 847 3443; x_wconf 84' lang='lat' dir='ltr'>reip.</span> <span class='ocrx_word' id='word_1_337' title='bbox 857 3374 1046 3425; x_wconf 77' lang='lat' dir='ltr'>constituendae</span> <span class='ocrx_word' id='word_1_338' title='bbox 1055 3375 1161 3423; x_wconf 78' lang='lat' dir='ltr'>macine.</span> 
     </span>
    </p>

    <p class='ocr_par' dir='ltr' id='par_1_13' title="bbox 86 3441 1163 3522">
     <span class='ocr_line' id='line_1_37' title="bbox 86 3441 1163 3522; baseline -0.013 -19"><span class='ocrx_word' id='word_1_339' title='bbox 86 3449 163 3505; x_wconf 74' lang='grc' dir='ltr'><strong><em>πόλει</em></strong></span> <span class='ocrx_word' id='word_1_340' title='bbox 186 3447 265 3503; x_wconf 75' lang='grc' dir='ltr'><em>οὐδὲν</em></span> <span class='ocrx_word' id='word_1_341' title='bbox 288 3447 477 3522; x_wconf 74' lang='grc' dir='ltr'>διαφερόντως</span> <span class='ocrx_word' id='word_1_342' title='bbox 495 3443 510 3511; x_wconf 84' lang='grc' dir='ltr'>ἢ</span> <span class='ocrx_word' id='word_1_343' title='bbox 529 3444 554 3499; x_wconf 79' lang='grc' dir='ltr'>εἰ</span> <span class='ocrx_word' id='word_1_344' title='bbox 571 3463 600 3498; x_wconf 78' lang='grc' dir='ltr'>εν</span> <span class='ocrx_word' id='word_1_345' title='bbox 651 3446 735 3497; x_wconf 83' lang='lat' dir='ltr'>Duroh</span> <span class='ocrx_word' id='word_1_346' title='bbox 754 3443 998 3505; x_wconf 76' lang='lat' dir='ltr'>diesellaudlungen</span> <span class='ocrx_word' id='word_1_347' title='bbox 1015 3441 1105 3491; x_wconf 87' lang='lat' dir='ltr'>wurde</span> <span class='ocrx_word' id='word_1_348' title='bbox 1122 3441 1163 3489; x_wconf 80' lang='lat' dir='ltr'>dia</span> 
     </span>
    </p>

    <p class='ocr_par' dir='ltr' id='par_1_14' title="bbox 50 3511 941 3601">
     <span class='ocr_line' id='line_1_38' title="bbox 50 3511 941 3601; baseline -0.013 -31"><span class='ocrx_word' id='word_1_349' title='bbox 50 3528 52 3533; x_wconf 83' lang='grc'><strong>“</strong></span> <span class='ocrx_word' id='word_1_350' title='bbox 86 3523 126 3589; x_wconf 77' lang='grc' dir='ltr'>τῷ</span> <span class='ocrx_word' id='word_1_351' title='bbox 144 3516 265 3601; x_wconf 55' lang='grc' dir='ltr'><strong><em>ἐφορςίῳ</em></strong></span> <span class='ocrx_word' id='word_1_352' title='bbox 284 3515 377 3586; x_wconf 73' lang='grc' dir='ltr'><em>ἔτυχεν</em></span> <span class='ocrx_word' id='word_1_353' title='bbox 390 3515 508 3579; x_wconf 79' lang='grc' dir='ltr'><em>ἑστηκώς</em></span> <span class='ocrx_word' id='word_1_354' title='bbox 515 3511 602 3585; x_wconf 81' lang='grc' dir='ltr'>μόνος</span> <span class='ocrx_word' id='word_1_355' title='bbox 652 3514 776 3581; x_wconf 78' lang='lat' dir='ltr'>Republik</span> <span class='ocrx_word' id='word_1_356' title='bbox 793 3512 941 3569; x_wconf 82' lang='lat' dir='ltr'>vcruiclrtet.</span> 
     </span>
    </p>
   </div>
   <div class='ocr_carea' id='block_1_11' title="bbox 15 3572 1161 3659">
    <p class='ocr_par' dir='ltr' id='par_1_15' title="bbox 15 3572 1161 3659">
     <span class='ocr_line' id='line_1_39' title="bbox 15 3572 1161 3659; baseline -0.024 -11"><span class='ocrx_word' id='word_1_357' title='bbox 15 3638 17 3643; x_wconf 89' lang='lat'><em>.</em></span> <span class='ocrx_word' id='word_1_358' title='bbox 86 3587 163 3659; x_wconf 69' lang='grc' dir='ltr'>παρὰ</span> <span class='ocrx_word' id='word_1_359' title='bbox 186 3605 249 3643; x_wconf 74' lang='grc' dir='ltr'><em>τους</em></span> <span class='ocrx_word' id='word_1_360' title='bbox 271 3587 358 3638; x_wconf 75' lang='grc' dir='ltr'>πέντε.</span> <span class='ocrx_word' id='word_1_361' title='bbox 397 3587 449 3637; x_wconf 72' lang='lat' dir='ltr'>Fir</span> <span class='ocrx_word' id='word_1_362' title='bbox 471 3581 604 3654; x_wconf 82' lang='grc' dir='ltr'><em>ἒφορεῖον</em></span> <span class='ocrx_word' id='word_1_363' title='bbox 685 3586 711 3634; x_wconf 85' lang='grc'>4.</span> <span class='ocrx_word' id='word_1_364' title='bbox 733 3581 1009 3647; x_wconf 79' lang='lat' dir='ltr'>tantoque-eeleritate.</span> <span class='ocrx_word' id='word_1_365' title='bbox 1028 3572 1161 3622; x_wconf 79' lang='lat' dir='ltr'>Ehensoe.</span> 
     </span>
    </p>
   </div>
   <div class='ocr_carea' id='block_1_12' title="bbox 86 3644 1160 3784">
    <p class='ocr_par' dir='ltr' id='par_1_16' title="bbox 86 3644 1160 3784">
     <span class='ocr_line' id='line_1_40' title="bbox 87 3644 1014 3719; baseline -0.017 -11"><span class='ocrx_word' id='word_1_366' title='bbox 87 3658 143 3716; x_wconf 80' lang='lat' dir='ltr'>(das</span> <span class='ocrx_word' id='word_1_367' title='bbox 166 3652 305 3707; x_wconf 86' lang='lat' dir='ltr'>Amtslocul</span> <span class='ocrx_word' id='word_1_368' title='bbox 330 3656 375 3703; x_wconf 87' lang='lat' dir='ltr'>der</span> <span class='ocrx_word' id='word_1_369' title='bbox 398 3653 525 3719; x_wconf 77' lang='lat' dir='ltr'>Ephoren)</span> <span class='ocrx_word' id='word_1_370' title='bbox 558 3653 602 3701; x_wconf 74' lang='lat' dir='ltr'>liat</span> <span class='ocrx_word' id='word_1_371' title='bbox 653 3653 676 3707; x_wconf 84' lang='lat'>2,</span> <span class='ocrx_word' id='word_1_372' title='bbox 688 3644 712 3701; x_wconf 66' lang='lat'>2‘.</span> <span class='ocrx_word' id='word_1_373' title='bbox 1004 3707 1014 3718; x_wconf 32' lang='lat'><strong>‘</strong></span> 
     </span>
     <span class='ocr_line' id='line_1_41' title="bbox 86 3706 1160 3784; baseline -0.02 -10"><span class='ocrx_word' id='word_1_374' title='bbox 86 3722 118 3774; x_wconf 88' lang='grc' dir='ltr'>Ν.</span> <span class='ocrx_word' id='word_1_375' title='bbox 151 3730 267 3778; x_wconf 79' lang='lat' dir='ltr'>comitiam</span> <span class='ocrx_word' id='word_1_376' title='bbox 291 3729 401 3784; x_wconf 76' lang='lat' dir='ltr'>gessem,</span> <span class='ocrx_word' id='word_1_377' title='bbox 429 3721 502 3769; x_wconf 86' lang='lat' dir='ltr'>einen</span> <span class='ocrx_word' id='word_1_378' title='bbox 527 3718 602 3768; x_wconf 72' lang='lat' dir='ltr'>l&#39;lreil</span> <span class='ocrx_word' id='word_1_379' title='bbox 687 3733 746 3767; x_wconf 72' lang='lat' dir='ltr'>aoso</span> <span class='ocrx_word' id='word_1_380' title='bbox 765 3721 870 3764; x_wconf 78' lang='lat' dir='ltr'>vertente.</span> <span class='ocrx_word' id='word_1_381' title='bbox 889 3709 973 3759; x_wconf 82' lang='lat' dir='ltr'>Uelrer</span> <span class='ocrx_word' id='word_1_382' title='bbox 990 3706 1122 3756; x_wconf 82' lang='lat' dir='ltr'>droSaolre</span> <span class='ocrx_word' id='word_1_383' title='bbox 1140 3720 1160 3755; x_wconf 86' lang='lat' dir='ltr'>s.</span> 
     </span>
    </p>
   </div>
   <div class='ocr_carea' id='block_1_13' title="bbox 8 3776 1224 4118">
    <p class='ocr_par' dir='ltr' id='par_1_17' title="bbox 8 3776 1224 4118">
     <span class='ocr_line' id='line_1_42' title="bbox 8 3776 1164 3841; baseline -0.018 2"><span class='ocrx_word' id='word_1_384' title='bbox 8 3836 9 3841; x_wconf 71' lang='grc'>,</span> <span class='ocrx_word' id='word_1_385' title='bbox 88 3791 132 3841; x_wconf 88' lang='lat' dir='ltr'>des</span> <span class='ocrx_word' id='word_1_386' title='bbox 153 3793 259 3841; x_wconf 82' lang='lat' dir='ltr'>Forums</span> <span class='ocrx_word' id='word_1_387' title='bbox 284 3790 308 3838; x_wconf 89' lang='lat' dir='ltr'>in</span> <span class='ocrx_word' id='word_1_388' title='bbox 326 3789 401 3838; x_wconf 82' lang='lat' dir='ltr'>Rom</span> <span class='ocrx_word' id='word_1_389' title='bbox 415 3788 461 3837; x_wconf 86' lang='lat' dir='ltr'>aul</span> <span class='ocrx_word' id='word_1_390' title='bbox 479 3786 601 3835; x_wconf 81' lang='lat' dir='ltr'>welelrenr</span> <span class='ocrx_word' id='word_1_391' title='bbox 653 3780 835 3837; x_wconf 55' lang='lat' dir='ltr'>euthemon</span> <span class='ocrx_word' id='word_1_392' title='bbox 859 3777 909 3826; x_wconf 90' lang='lat' dir='ltr'>und</span> <span class='ocrx_word' id='word_1_393' title='bbox 932 3776 995 3825; x_wconf 71' lang='lat' dir='ltr'>iiber</span> <span class='ocrx_word' id='word_1_394' title='bbox 1017 3782 1115 3826; x_wconf 76' lang='lat' dir='ltr'>vertente</span> <span class='ocrx_word' id='word_1_395' title='bbox 1132 3789 1164 3822; x_wconf 80' lang='lat' dir='ltr'>zu</span> 
     </span>
     <span class='ocr_line' id='line_1_43' title="bbox 86 3851 1224 3919; baseline -0.014 -11"><span class='ocrx_word' id='word_1_396' title='bbox 86 3859 129 3908; x_wconf 90' lang='lat' dir='ltr'>die</span> <span class='ocrx_word' id='word_1_397' title='bbox 155 3859 202 3908; x_wconf 80' lang='lat' dir='ltr'>nul</span> <span class='ocrx_word' id='word_1_398' title='bbox 229 3859 284 3908; x_wconf 88' lang='lat' dir='ltr'>dem</span> <span class='ocrx_word' id='word_1_399' title='bbox 314 3856 405 3905; x_wconf 83' lang='lat' dir='ltr'>Forum</span> <span class='ocrx_word' id='word_1_400' title='bbox 438 3853 603 3904; x_wconf 84' lang='lat' dir='ltr'>befindlichen</span> <span class='ocrx_word' id='word_1_401' title='bbox 653 3851 711 3900; x_wconf 79' lang='lat' dir='ltr'>Dat.</span> <span class='ocrx_word' id='word_1_402' title='bbox 722 3853 745 3907; x_wconf 82' lang='grc'>4,</span> <span class='ocrx_word' id='word_1_403' title='bbox 754 3851 779 3899; x_wconf 83' lang='grc'>5.</span> <span class='ocrx_word' id='word_1_404' title='bbox 973 3908 979 3919; x_wconf 93' lang='lat'>.</span> <span class='ocrx_word' id='word_1_405' title='bbox 1101 3907 1107 3917; x_wconf 93' lang='lat'><strong>.</strong></span> <span class='ocrx_word' id='word_1_406' title='bbox 1140 3866 1143 3871; x_wconf 54' lang='lat'><strong>⁴</strong></span> <span class='ocrx_word' id='word_1_407' title='bbox 1221 3888 1224 3897; x_wconf 83' lang='lat'><em>,</em></span> 
     </span>
     <span class='ocr_line' id='line_1_44' title="bbox 40 3905 1165 3990; baseline -0.021 -12"><span class='ocrx_word' id='word_1_408' title='bbox 40 3954 43 3960; x_wconf 95' lang='lat'>·</span> <span class='ocrx_word' id='word_1_409' title='bbox 87 3926 237 3990; x_wconf 75' lang='lat' dir='ltr'>Magistrum</span> <span class='ocrx_word' id='word_1_410' title='bbox 250 3939 345 3975; x_wconf 85' lang='lat' dir='ltr'>sussen.</span> <span class='ocrx_word' id='word_1_411' title='bbox 367 3921 600 3984; x_wconf 62' lang='lat' dir='ltr'>nuncupamus.</span> <span class='ocrx_word' id='word_1_412' title='bbox 687 3918 850 3968; x_wconf 65' lang='lat' dir='ltr'>XXX‘dtelus.</span> <span class='ocrx_word' id='word_1_413' title='bbox 868 3910 896 3961; x_wconf 85' lang='lat' dir='ltr'>ln</span> <span class='ocrx_word' id='word_1_414' title='bbox 913 3905 1165 3970; x_wconf 83' lang='lat' dir='ltr'>weutgeralsemem</span> 
     </span>
     <span class='ocr_line' id='line_1_45' title="bbox 121 3975 1128 4051; baseline -0.023 -4"><span class='ocrx_word' id='word_1_415' title='bbox 121 4000 188 4047; x_wconf 80' lang='lat' dir='ltr'>euius</span> <span class='ocrx_word' id='word_1_416' title='bbox 201 4024 223 4030; x_wconf 45' lang='grc' dir='ltr'>-κ</span> <span class='ocrx_word' id='word_1_417' title='bbox 237 3997 371 4045; x_wconf 79' lang='lat' dir='ltr'>coluissent.</span> <span class='ocrx_word' id='word_1_418' title='bbox 396 3988 457 4039; x_wconf 74' lang='lat' dir='ltr'>ntes</span> <span class='ocrx_word' id='word_1_419' title='bbox 484 3991 543 4051; x_wconf 84' lang='lat' dir='ltr'>geht</span> <span class='ocrx_word' id='word_1_420' title='bbox 559 3987 607 4037; x_wconf 83' lang='lat' dir='ltr'>aul</span> <span class='ocrx_word' id='word_1_421' title='bbox 654 3984 747 4039; x_wconf 83' lang='lat' dir='ltr'>Monat.</span> <span class='ocrx_word' id='word_1_422' title='bbox 773 3988 830 4043; x_wconf 83' lang='lat' dir='ltr'>sagt</span> <span class='ocrx_word' id='word_1_423' title='bbox 846 3975 1093 4037; x_wconf 77' lang='lat' dir='ltr'>Pseudoxeu.Ag.2,</span> <span class='ocrx_word' id='word_1_424' title='bbox 1106 3978 1128 4026; x_wconf 90' lang='lat' dir='ltr'>l.</span> 
     </span>
     <span class='ocr_line' id='line_1_46' title="bbox 88 4045 1040 4118; baseline -0.022 -6"><span class='ocrx_word' id='word_1_425' title='bbox 88 4058 170 4111; x_wconf 82' lang='lat' dir='ltr'>Julius</span> <span class='ocrx_word' id='word_1_426' title='bbox 189 4060 297 4118; x_wconf 82' lang='lat' dir='ltr'>Caesar,</span> <span class='ocrx_word' id='word_1_427' title='bbox 325 4058 447 4108; x_wconf 86' lang='lat' dir='ltr'>Antonius</span> <span class='ocrx_word' id='word_1_428' title='bbox 472 4057 522 4105; x_wconf 90' lang='lat' dir='ltr'>und</span> <span class='ocrx_word' id='word_1_429' title='bbox 541 4054 603 4104; x_wconf 85' lang='lat' dir='ltr'>viel-</span> <span class='ocrx_word' id='word_1_430' title='bbox 689 4055 713 4104; x_wconf 75' lang='grc'>5.</span> <span class='ocrx_word' id='word_1_431' title='bbox 735 4053 804 4103; x_wconf 80' lang='lat' dir='ltr'>lond.</span> <span class='ocrx_word' id='word_1_432' title='bbox 823 4045 1040 4101; x_wconf 57' lang='lat' dir='ltr'>Solensis.</span> 
     </span>
    </p>
   </div>
   <div class='ocr_carea' id='block_1_14' title="bbox 0 0 1376 4766">
    <p class='ocr_par' dir='ltr' id='par_1_18' title="bbox 0 0 1376 4766">
     <span class='ocr_line' id='line_1_47' title="bbox 0 0 1376 4766; baseline 0 2"><span class='ocrx_word' id='word_1_433' title='bbox 0 0 1376 4766; x_wconf 95' lang='lat' dir='ltr'> </span> 
     </span>
    </p>
   </div>
  </div>
 </body>
</html>
