<?xml version="1.0" encoding="UTF-8"?>
<!DOCTYPE html PUBLIC "-//W3C//DTD XHTML 1.0 Transitional//EN"
    "http://www.w3.org/TR/xhtml1/DTD/xhtml1-transitional.dtd">
<html xmlns="http://www.w3.org/1999/xhtml" xml:lang="en" lang="en">
 <head>
  <title>
</title>
<meta http-equiv="Content-Type" content="text/html;charset=utf-8" />
  <meta name='ocr-system' content='tesseract 3.04.00' />
  <meta name='ocr-capabilities' content='ocr_page ocr_carea ocr_par ocr_line ocrx_word'/>
</head>
<body>
  <div class='ocr_page' id='page_1' title='image "./corneliusnepos07nippgoog/corneliusnepos07nippgoog_0156.png"; bbox 0 0 2742 4766; ppageno 0'>
   <div class='ocr_carea' id='block_1_1' title="bbox 411 390 1171 507">
    <p class='ocr_par' dir='ltr' id='par_1_1' title="bbox 411 390 1171 507">
     <span class='ocr_line' id='line_1_1' title="bbox 411 390 1171 507; baseline 0.003 -20"><span class='ocrx_word' id='word_1_1' title='bbox 411 435 510 489; x_wconf 68' lang='lat' dir='ltr'><strong>¹avr.</strong></span> <span class='ocrx_word' id='word_1_2' title='bbox 531 390 725 489; x_wconf 69' lang='lat' dir='ltr'><strong>meorum.</strong></span> <span class='ocrx_word' id='word_1_3' title='bbox 749 441 770 489; x_wconf 85' lang='lat' dir='ltr'><strong>l.</strong></span> <span class='ocrx_word' id='word_1_4' title='bbox 961 494 963 507; x_wconf 68' lang='grc'><strong>,</strong></span> <span class='ocrx_word' id='word_1_5' title='bbox 1111 427 1171 490; x_wconf 83' lang='lat' dir='ltr'><strong>roo</strong></span> 
     </span>
    </p>
   </div>
   <div class='ocr_carea' id='block_1_2' title="bbox 2 588 1244 2439">
    <p class='ocr_par' dir='ltr' id='par_1_2' title="bbox 2 588 1244 2439">
     <span class='ocr_line' id='line_1_2' title="bbox 51 588 1170 668; baseline 0.004 -18"><span class='ocrx_word' id='word_1_6' title='bbox 51 588 206 650; x_wconf 84' lang='lat' dir='ltr'><strong>Boeotios.</strong></span> <span class='ocrx_word' id='word_1_7' title='bbox 249 589 283 650; x_wconf 90' lang='lat' dir='ltr'><strong>ld</strong></span> <span class='ocrx_word' id='word_1_8' title='bbox 311 596 470 668; x_wconf 83' lang='lat' dir='ltr'><strong>postquam</strong></span> <span class='ocrx_word' id='word_1_9' title='bbox 500 589 620 661; x_wconf 87' lang='lat' dir='ltr'><strong>audivit,</strong></span> <span class='ocrx_word' id='word_1_10' title='bbox 649 588 740 660; x_wconf 71' lang='lat' dir='ltr'><strong>Satis</strong></span> <span class='ocrx_word' id='word_1_11' title='bbox 770 588 874 667; x_wconf 87' lang='lat' dir='ltr'><strong>inquit,</strong></span> <span class='ocrx_word' id='word_1_12' title='bbox 904 590 978 652; x_wconf 85' lang='lat' dir='ltr'><strong>vixi:</strong></span> <span class='ocrx_word' id='word_1_13' title='bbox 1001 591 1128 654; x_wconf 89' lang='lat' dir='ltr'><strong>invictus</strong></span> <span class='ocrx_word' id='word_1_14' title='bbox 1152 599 1170 654; x_wconf 85' lang='lat'>4</span> 
     </span>
     <span class='ocr_line' id='line_1_3' title="bbox 52 673 1128 739; baseline 0.005 -6"><span class='ocrx_word' id='word_1_15' title='bbox 52 673 134 734; x_wconf 87' lang='lat' dir='ltr'><strong>enim</strong></span> <span class='ocrx_word' id='word_1_16' title='bbox 156 674 279 734; x_wconf 87' lang='lat' dir='ltr'><strong>morior.</strong></span> <span class='ocrx_word' id='word_1_17' title='bbox 324 673 399 739; x_wconf 88' lang='lat' dir='ltr'><strong>Tum</strong></span> <span class='ocrx_word' id='word_1_18' title='bbox 422 674 502 734; x_wconf 89' lang='lat' dir='ltr'><strong>ferro</strong></span> <span class='ocrx_word' id='word_1_19' title='bbox 525 681 657 734; x_wconf 82' lang='lat' dir='ltr'><strong>extracto</strong></span> <span class='ocrx_word' id='word_1_20' title='bbox 680 673 839 734; x_wconf 80' lang='lat' dir='ltr'><strong>confestim</strong></span> <span class='ocrx_word' id='word_1_21' title='bbox 864 674 1049 737; x_wconf 81' lang='lat' dir='ltr'><strong>exanimatus</strong></span> <span class='ocrx_word' id='word_1_22' title='bbox 1072 689 1128 739; x_wconf 88' lang='lat' dir='ltr'><strong>est.</strong></span> 
     </span>
     <span class='ocr_line' id='line_1_4' title="bbox 139 757 1171 837; baseline 0.011 -20"><span class='ocrx_word' id='word_1_23' title='bbox 139 757 195 818; x_wconf 90' lang='lat' dir='ltr'><strong>llic</strong></span> <span class='ocrx_word' id='word_1_24' title='bbox 215 775 338 818; x_wconf 85' lang='lat' dir='ltr'><strong>uxorem</strong></span> <span class='ocrx_word' id='word_1_25' title='bbox 361 772 523 836; x_wconf 84' lang='lat' dir='ltr'><strong>numquam</strong></span> <span class='ocrx_word' id='word_1_26' title='bbox 547 757 638 819; x_wconf 89' lang='lat' dir='ltr'><strong>duxit.</strong></span> <span class='ocrx_word' id='word_1_27' title='bbox 688 758 722 818; x_wconf 86' lang='lat' dir='ltr'><strong>ln</strong></span> <span class='ocrx_word' id='word_1_28' title='bbox 746 776 804 836; x_wconf 87' lang='lat' dir='ltr'><strong>quo</strong></span> <span class='ocrx_word' id='word_1_29' title='bbox 828 776 894 819; x_wconf 93' lang='lat' dir='ltr'><strong>cum</strong></span> <span class='ocrx_word' id='word_1_30' title='bbox 923 757 1171 837; x_wconf 78' lang='lat' dir='ltr'><strong>reprehende-ld</strong></span> 
     </span>
     <span class='ocr_line' id='line_1_5' title="bbox 52 840 1128 937; baseline 0.005 -37"><span class='ocrx_word' id='word_1_31' title='bbox 52 850 152 912; x_wconf 85' lang='lat' dir='ltr'><strong>retur,</strong></span> <span class='ocrx_word' id='word_1_32' title='bbox 180 842 258 920; x_wconf 90' lang='lat' dir='ltr'><strong>quod</strong></span> <span class='ocrx_word' id='word_1_33' title='bbox 282 841 395 902; x_wconf 86' lang='lat' dir='ltr'><strong>liberos</strong></span> <span class='ocrx_word' id='word_1_34' title='bbox 419 860 479 902; x_wconf 92' lang='lat' dir='ltr'><strong>non</strong></span> <span class='ocrx_word' id='word_1_35' title='bbox 502 842 701 921; x_wconf 88' lang='lat' dir='ltr'><strong>relinqueret,</strong></span> <span class='ocrx_word' id='word_1_36' title='bbox 735 840 933 937; x_wconf 83' lang='lat' dir='ltr'><strong>aPelopida,</strong></span> <span class='ocrx_word' id='word_1_37' title='bbox 962 843 1013 921; x_wconf 90' lang='lat' dir='ltr'><strong>qui</strong></span> <span class='ocrx_word' id='word_1_38' title='bbox 1034 843 1128 905; x_wconf 89' lang='lat' dir='ltr'><strong>filium</strong></span> 
     </span>
     <span class='ocr_line' id='line_1_6' title="bbox 42 924 1129 1004; baseline 0.005 -20"><span class='ocrx_word' id='word_1_39' title='bbox 42 924 183 986; x_wconf 82' lang='lat' dir='ltr'><strong>habebat</strong></span> <span class='ocrx_word' id='word_1_40' title='bbox 204 927 360 999; x_wconf 78' lang='lat' dir='ltr'><strong>infamem,</strong></span> <span class='ocrx_word' id='word_1_41' title='bbox 392 926 530 1004; x_wconf 89' lang='lat' dir='ltr'><strong>maleque</strong></span> <span class='ocrx_word' id='word_1_42' title='bbox 559 945 626 987; x_wconf 89' lang='lat' dir='ltr'><strong>eum</strong></span> <span class='ocrx_word' id='word_1_43' title='bbox 649 927 679 986; x_wconf 93' lang='lat' dir='ltr'><strong>in</strong></span> <span class='ocrx_word' id='word_1_44' title='bbox 703 945 739 986; x_wconf 91' lang='lat' dir='ltr'><strong>eo</strong></span> <span class='ocrx_word' id='word_1_45' title='bbox 762 925 878 1003; x_wconf 81' lang='lat' dir='ltr'><strong>patriae</strong></span> <span class='ocrx_word' id='word_1_46' title='bbox 904 929 1061 988; x_wconf 87' lang='lat' dir='ltr'><strong>consulere</strong></span> <span class='ocrx_word' id='word_1_47' title='bbox 1084 929 1129 988; x_wconf 94' lang='lat' dir='ltr'><strong>di-</strong></span> 
     </span>
     <span class='ocr_line' id='line_1_7' title="bbox 52 1009 1128 1104; baseline 0.003 -35"><span class='ocrx_word' id='word_1_48' title='bbox 52 1017 145 1080; x_wconf 85' lang='lat' dir='ltr'><strong>ceret,</strong></span> <span class='ocrx_word' id='word_1_49' title='bbox 168 1010 251 1082; x_wconf 84' lang='lat' dir='ltr'>Vide,</span> <span class='ocrx_word' id='word_1_50' title='bbox 276 1010 382 1087; x_wconf 88' lang='lat' dir='ltr'><strong>inquit,</strong></span> <span class='ocrx_word' id='word_1_51' title='bbox 413 1029 451 1070; x_wconf 92' lang='lat' dir='ltr'><strong>ne</strong></span> <span class='ocrx_word' id='word_1_52' title='bbox 475 1019 506 1072; x_wconf 93' lang='lat' dir='ltr'><strong>tu</strong></span> <span class='ocrx_word' id='word_1_53' title='bbox 535 1010 622 1104; x_wconf 91' lang='lat' dir='ltr'><strong>peius</strong></span> <span class='ocrx_word' id='word_1_54' title='bbox 651 1009 807 1083; x_wconf 88' lang='lat' dir='ltr'><strong>consulas,</strong></span> <span class='ocrx_word' id='word_1_55' title='bbox 837 1010 891 1087; x_wconf 91' lang='lat' dir='ltr'><strong>qui</strong></span> <span class='ocrx_word' id='word_1_56' title='bbox 923 1009 1009 1071; x_wconf 90' lang='lat' dir='ltr'><strong>talem</strong></span> <span class='ocrx_word' id='word_1_57' title='bbox 1037 1030 1070 1072; x_wconf 89' lang='lat' dir='ltr'><strong>ex</strong></span> <span class='ocrx_word' id='word_1_58' title='bbox 1099 1019 1128 1072; x_wconf 91' lang='lat' dir='ltr'><strong>te</strong></span> 
     </span>
     <span class='ocr_line' id='line_1_8' title="bbox 51 1077 1170 1173; baseline 0.002 -20"><span class='ocrx_word' id='word_1_59' title='bbox 51 1100 155 1153; x_wconf 86' lang='lat' dir='ltr'><strong>natum</strong></span> <span class='ocrx_word' id='word_1_60' title='bbox 178 1095 338 1154; x_wconf 84' lang='lat' dir='ltr'><strong>relicturus</strong></span> <span class='ocrx_word' id='word_1_61' title='bbox 361 1095 413 1154; x_wconf 92' lang='lat' dir='ltr'><strong>sis</strong></span> <span class='ocrx_word' id='word_1_62' title='bbox 457 1077 576 1172; x_wconf 82' lang='lat' dir='ltr'>Neque</span> <span class='ocrx_word' id='word_1_63' title='bbox 582 1113 652 1154; x_wconf 88' lang='lat' dir='ltr'><strong>vero</strong></span> <span class='ocrx_word' id='word_1_64' title='bbox 676 1093 769 1173; x_wconf 86' lang='lat' dir='ltr'><strong>stirps</strong></span> <span class='ocrx_word' id='word_1_65' title='bbox 790 1101 893 1172; x_wconf 91' lang='lat' dir='ltr'><strong>potest</strong></span> <span class='ocrx_word' id='word_1_66' title='bbox 913 1093 988 1155; x_wconf 88' lang='lat' dir='ltr'><strong>mihi</strong></span> <span class='ocrx_word' id='word_1_67' title='bbox 1010 1095 1128 1159; x_wconf 87' lang='lat' dir='ltr'>deesse.</span> <span class='ocrx_word' id='word_1_68' title='bbox 1152 1100 1170 1155; x_wconf 82' lang='lat'>2</span> 
     </span>
     <span class='ocr_line' id='line_1_9' title="bbox 49 1177 1129 1257; baseline 0.002 -19"><span class='ocrx_word' id='word_1_69' title='bbox 49 1177 188 1256; x_wconf 86' lang='lat' dir='ltr'><strong>Namque</strong></span> <span class='ocrx_word' id='word_1_70' title='bbox 210 1197 246 1238; x_wconf 80' lang='lat' dir='ltr'><strong>ex</strong></span> <span class='ocrx_word' id='word_1_71' title='bbox 267 1197 314 1238; x_wconf 92' lang='lat' dir='ltr'><strong>me</strong></span> <span class='ocrx_word' id='word_1_72' title='bbox 336 1187 434 1238; x_wconf 89' lang='lat' dir='ltr'><strong>natam</strong></span> <span class='ocrx_word' id='word_1_73' title='bbox 457 1178 594 1257; x_wconf 85' lang='lat' dir='ltr'><strong>relinquo</strong></span> <span class='ocrx_word' id='word_1_74' title='bbox 613 1196 741 1257; x_wconf 79' lang='lat' dir='ltr'><strong>pugnam</strong></span> <span class='ocrx_word' id='word_1_75' title='bbox 756 1178 953 1248; x_wconf 77' lang='lat' dir='ltr'><strong>Leuctricam,</strong></span> <span class='ocrx_word' id='word_1_76' title='bbox 976 1196 1052 1257; x_wconf 88' lang='lat' dir='ltr'><strong>quae</strong></span> <span class='ocrx_word' id='word_1_77' title='bbox 1068 1199 1129 1241; x_wconf 93' lang='lat' dir='ltr'><strong>non</strong></span> 
     </span>
     <span class='ocr_line' id='line_1_10' title="bbox 49 1260 1135 1340; baseline 0.006 -19"><span class='ocrx_word' id='word_1_78' title='bbox 49 1260 144 1321; x_wconf 93' lang='lat' dir='ltr'><strong>modo</strong></span> <span class='ocrx_word' id='word_1_79' title='bbox 173 1262 247 1322; x_wconf 91' lang='lat' dir='ltr'><strong>mihi</strong></span> <span class='ocrx_word' id='word_1_80' title='bbox 276 1270 429 1340; x_wconf 89' lang='lat' dir='ltr'><strong>superstes</strong></span> <span class='ocrx_word' id='word_1_81' title='bbox 458 1262 629 1323; x_wconf 89' lang='lat' dir='ltr'><strong>sedetiam</strong></span> <span class='ocrx_word' id='word_1_82' title='bbox 659 1262 836 1324; x_wconf 84' lang='lat' dir='ltr'><strong>immortalis</strong></span> <span class='ocrx_word' id='word_1_83' title='bbox 863 1262 903 1322; x_wconf 89' lang='lat' dir='ltr'><strong>sit</strong></span> <span class='ocrx_word' id='word_1_84' title='bbox 924 1279 1049 1324; x_wconf 89' lang='lat' dir='ltr'><strong>necesse</strong></span> <span class='ocrx_word' id='word_1_85' title='bbox 1072 1272 1135 1329; x_wconf 73' lang='lat' dir='ltr'><strong>est..</strong></span> 
     </span>
     <span class='ocr_line' id='line_1_11' title="bbox 51 1345 1170 1425; baseline 0.004 -20"><span class='ocrx_word' id='word_1_86' title='bbox 51 1345 121 1417; x_wconf 85' lang='lat' dir='ltr'><strong>Quo</strong></span> <span class='ocrx_word' id='word_1_87' title='bbox 153 1352 290 1424; x_wconf 88' lang='lat' dir='ltr'><strong>tempore</strong></span> <span class='ocrx_word' id='word_1_88' title='bbox 318 1346 395 1406; x_wconf 88' lang='lat' dir='ltr'><strong>duce</strong></span> <span class='ocrx_word' id='word_1_89' title='bbox 423 1346 567 1425; x_wconf 76' lang='lat' dir='ltr'><strong>Pelopida</strong></span> <span class='ocrx_word' id='word_1_90' title='bbox 601 1346 702 1408; x_wconf 81' lang='lat' dir='ltr'><strong>exules</strong></span> <span class='ocrx_word' id='word_1_91' title='bbox 738 1346 856 1407; x_wconf 88' lang='lat' dir='ltr'><strong>Thebas</strong></span> <span class='ocrx_word' id='word_1_92' title='bbox 887 1356 1074 1424; x_wconf 90' lang='lat' dir='ltr'><strong>occuparunt</strong></span> <span class='ocrx_word' id='word_1_93' title='bbox 1100 1354 1170 1410; x_wconf 88' lang='lat' dir='ltr'><strong>et3</strong></span> 
     </span>
     <span class='ocr_line' id='line_1_12' title="bbox 48 1429 1128 1526; baseline 0.004 -37"><span class='ocrx_word' id='word_1_94' title='bbox 48 1430 237 1507; x_wconf 81' lang='lat' dir='ltr'><strong>praesidium</strong></span> <span class='ocrx_word' id='word_1_95' title='bbox 259 1429 567 1491; x_wconf 85' lang='lat' dir='ltr'><strong>Lacedaemoniorum</strong></span> <span class='ocrx_word' id='word_1_96' title='bbox 590 1450 625 1491; x_wconf 83' lang='lat' dir='ltr'><strong>ex</strong></span> <span class='ocrx_word' id='word_1_97' title='bbox 647 1449 716 1491; x_wconf 91' lang='lat' dir='ltr'><strong>arce</strong></span> <span class='ocrx_word' id='word_1_98' title='bbox 739 1431 924 1509; x_wconf 82' lang='lat' dir='ltr'><strong>expulerunt,</strong></span> <span class='ocrx_word' id='word_1_99' title='bbox 946 1431 1128 1526; x_wconf 76' lang='lat' dir='ltr'><strong>Epaminon,-</strong></span> 
     </span>
     <span class='ocr_line' id='line_1_13' title="bbox 49 1513 1129 1594; baseline 0.004 -22"><span class='ocrx_word' id='word_1_100' title='bbox 49 1513 107 1573; x_wconf 86' lang='lat' dir='ltr'><strong>das</strong></span> <span class='ocrx_word' id='word_1_101' title='bbox 132 1514 273 1592; x_wconf 90' lang='lat' dir='ltr'><strong>quamdiu</strong></span> <span class='ocrx_word' id='word_1_102' title='bbox 296 1514 373 1574; x_wconf 88' lang='lat' dir='ltr'><strong>facta</strong></span> <span class='ocrx_word' id='word_1_103' title='bbox 398 1523 444 1575; x_wconf 91' lang='lat' dir='ltr'><strong>est</strong></span> <span class='ocrx_word' id='word_1_104' title='bbox 465 1515 573 1589; x_wconf 84' lang='lat' dir='ltr'><strong>caedes</strong></span> <span class='ocrx_word' id='word_1_105' title='bbox 596 1515 704 1575; x_wconf 88' lang='lat' dir='ltr'><strong>civium</strong></span> <span class='ocrx_word' id='word_1_106' title='bbox 728 1515 817 1574; x_wconf 92' lang='lat' dir='ltr'><strong>domo</strong></span> <span class='ocrx_word' id='word_1_107' title='bbox 847 1533 880 1573; x_wconf 91' lang='lat' dir='ltr'><strong>se</strong></span> <span class='ocrx_word' id='word_1_108' title='bbox 907 1515 1016 1586; x_wconf 90' lang='lat' dir='ltr'><strong>tenuit,</strong></span> <span class='ocrx_word' id='word_1_109' title='bbox 1049 1515 1129 1594; x_wconf 92' lang='lat' dir='ltr'><strong>quod</strong></span> 
     </span>
     <span class='ocr_line' id='line_1_14' title="bbox 48 1584 1128 1677; baseline 0.003 -19"><span class='ocrx_word' id='word_1_110' title='bbox 48 1615 152 1675; x_wconf 74' lang='lat' dir='ltr'><strong>nequae</strong></span> <span class='ocrx_word' id='word_1_111' title='bbox 176 1597 270 1658; x_wconf 90' lang='lat' dir='ltr'><strong>malos</strong></span> <span class='ocrx_word' id='word_1_112' title='bbox 294 1584 455 1659; x_wconf 79' lang='lat' dir='ltr'><strong>defendere</strong></span> <span class='ocrx_word' id='word_1_113' title='bbox 476 1599 596 1660; x_wconf 83' lang='lat' dir='ltr'><strong>volebat</strong></span> <span class='ocrx_word' id='word_1_114' title='bbox 617 1617 715 1676; x_wconf 88' lang='lat' dir='ltr'><strong>neque</strong></span> <span class='ocrx_word' id='word_1_115' title='bbox 737 1588 930 1677; x_wconf 77' lang='lat' dir='ltr'><strong>impugnare,</strong></span> <span class='ocrx_word' id='word_1_116' title='bbox 956 1617 994 1660; x_wconf 89' lang='lat' dir='ltr'><strong>ne</strong></span> <span class='ocrx_word' id='word_1_117' title='bbox 1022 1617 1128 1661; x_wconf 88' lang='lat' dir='ltr'><strong>manus</strong></span> 
     </span>
     <span class='ocr_line' id='line_1_15' title="bbox 49 1683 1128 1762; baseline 0.004 -22"><span class='ocrx_word' id='word_1_118' title='bbox 49 1698 177 1741; x_wconf 87' lang='lat' dir='ltr'><strong>suorum</strong></span> <span class='ocrx_word' id='word_1_119' title='bbox 200 1683 344 1758; x_wconf 80' lang='lat' dir='ltr'><strong>sanguine</strong></span> <span class='ocrx_word' id='word_1_120' title='bbox 367 1690 546 1744; x_wconf 85' lang='lat' dir='ltr'><strong>cruentaret.</strong></span> <span class='ocrx_word' id='word_1_121' title='bbox 589 1684 724 1762; x_wconf 88' lang='lat' dir='ltr'><strong>Namque</strong></span> <span class='ocrx_word' id='word_1_122' title='bbox 746 1701 865 1744; x_wconf 87' lang='lat' dir='ltr'><strong>omnem</strong></span> <span class='ocrx_word' id='word_1_123' title='bbox 889 1683 1006 1743; x_wconf 90' lang='lat' dir='ltr'><strong>civilem</strong></span> <span class='ocrx_word' id='word_1_124' title='bbox 1034 1685 1128 1744; x_wconf 89' lang='lat' dir='ltr'><strong>victo-</strong></span> 
     </span>
     <span class='ocr_line' id='line_1_16' title="bbox 49 1765 1129 1846; baseline 0.004 -21"><span class='ocrx_word' id='word_1_125' title='bbox 49 1765 128 1841; x_wconf 79' lang='lat' dir='ltr'><strong>riam</strong></span> <span class='ocrx_word' id='word_1_126' title='bbox 153 1766 300 1826; x_wconf 89' lang='lat' dir='ltr'><strong>funestam</strong></span> <span class='ocrx_word' id='word_1_127' title='bbox 323 1766 456 1844; x_wconf 89' lang='lat' dir='ltr'><strong>putabat.</strong></span> <span class='ocrx_word' id='word_1_128' title='bbox 498 1768 592 1839; x_wconf 82' lang='lat' dir='ltr'><strong>Idem,</strong></span> <span class='ocrx_word' id='word_1_129' title='bbox 615 1776 774 1846; x_wconf 83' lang='lat' dir='ltr'><strong>postquam</strong></span> <span class='ocrx_word' id='word_1_130' title='bbox 798 1767 876 1846; x_wconf 91' lang='lat' dir='ltr'><strong>apud</strong></span> <span class='ocrx_word' id='word_1_131' title='bbox 894 1767 1045 1828; x_wconf 78' lang='lat' dir='ltr'><strong>cadmiam</strong></span> <span class='ocrx_word' id='word_1_132' title='bbox 1062 1787 1129 1829; x_wconf 91' lang='lat' dir='ltr'><strong>cum</strong></span> 
     </span>
     <span class='ocr_line' id='line_1_17' title="bbox 49 1849 1170 1931; baseline 0.004 -21"><span class='ocrx_word' id='word_1_133' title='bbox 49 1849 299 1911; x_wconf 87' lang='lat' dir='ltr'><strong>Lacedaemoniis</strong></span> <span class='ocrx_word' id='word_1_134' title='bbox 323 1868 422 1929; x_wconf 78' lang='lat' dir='ltr'><strong>pugna</strong></span> <span class='ocrx_word' id='word_1_135' title='bbox 446 1851 610 1930; x_wconf 78' lang='lat' dir='ltr'><strong>coepitio</strong></span> <span class='ocrx_word' id='word_1_136' title='bbox 633 1851 740 1931; x_wconf 90' lang='lat' dir='ltr'><strong>primis</strong></span> <span class='ocrx_word' id='word_1_137' title='bbox 763 1852 854 1912; x_wconf 90' lang='lat' dir='ltr'><strong>stetit.</strong></span> <span class='ocrx_word' id='word_1_138' title='bbox 899 1851 994 1912; x_wconf 88' lang='lat' dir='ltr'><strong>Huius</strong></span> <span class='ocrx_word' id='word_1_139' title='bbox 1018 1853 1055 1912; x_wconf 90' lang='lat' dir='ltr'><strong>de</strong></span> <span class='ocrx_word' id='word_1_140' title='bbox 1069 1853 1126 1914; x_wconf 84' lang='lat' dir='ltr'><strong>rir-</strong></span> <span class='ocrx_word' id='word_1_141' title='bbox 1152 1859 1170 1914; x_wconf 89' lang='grc'>4</span> 
     </span>
     <span class='ocr_line' id='line_1_18' title="bbox 50 1933 1244 2013; baseline 0.003 -20"><span class='ocrx_word' id='word_1_142' title='bbox 50 1933 167 1994; x_wconf 87' lang='lat' dir='ltr'><strong>tutibus</strong></span> <span class='ocrx_word' id='word_1_143' title='bbox 199 1934 317 2013; x_wconf 85' lang='lat' dir='ltr'><strong>vitaque</strong></span> <span class='ocrx_word' id='word_1_144' title='bbox 350 1935 425 1995; x_wconf 86' lang='lat' dir='ltr'><strong>satis</strong></span> <span class='ocrx_word' id='word_1_145' title='bbox 459 1936 516 1996; x_wconf 89' lang='lat' dir='ltr'><strong>erit</strong></span> <span class='ocrx_word' id='word_1_146' title='bbox 549 1937 676 2008; x_wconf 89' lang='lat' dir='ltr'><strong>dictum,</strong></span> <span class='ocrx_word' id='word_1_147' title='bbox 712 1936 738 1995; x_wconf 90' lang='lat' dir='ltr'><strong>si</strong></span> <span class='ocrx_word' id='word_1_148' title='bbox 766 1935 824 1996; x_wconf 91' lang='lat' dir='ltr'><strong>hoc</strong></span> <span class='ocrx_word' id='word_1_149' title='bbox 851 1953 941 1996; x_wconf 94' lang='lat' dir='ltr'><strong>unum</strong></span> <span class='ocrx_word' id='word_1_150' title='bbox 965 1935 1128 1997; x_wconf 77' lang='lat' dir='ltr'><strong>adiunxero</strong></span> <span class='ocrx_word' id='word_1_151' title='bbox 1237 1972 1244 1977; x_wconf 93' lang='lat'><strong>·</strong></span> 
     </span>
     <span class='ocr_line' id='line_1_19' title="bbox 42 2018 1129 2097; baseline 0.003 -20"><span class='ocrx_word' id='word_1_152' title='bbox 42 2018 133 2096; x_wconf 65' lang='lat' dir='ltr'><strong>”quod</strong></span> <span class='ocrx_word' id='word_1_153' title='bbox 156 2036 244 2079; x_wconf 88' lang='lat' dir='ltr'><strong>nemo</strong></span> <span class='ocrx_word' id='word_1_154' title='bbox 268 2018 292 2078; x_wconf 89' lang='lat' dir='ltr'><strong>it</strong></span> <span class='ocrx_word' id='word_1_155' title='bbox 314 2018 438 2091; x_wconf 88' lang='lat' dir='ltr'><strong>infitias,</strong></span> <span class='ocrx_word' id='word_1_156' title='bbox 467 2019 586 2080; x_wconf 90' lang='lat' dir='ltr'><strong>Thebas</strong></span> <span class='ocrx_word' id='word_1_157' title='bbox 614 2027 645 2080; x_wconf 93' lang='lat' dir='ltr'><strong>et</strong></span> <span class='ocrx_word' id='word_1_158' title='bbox 671 2027 739 2081; x_wconf 88' lang='lat' dir='ltr'><strong>ante</strong></span> <span class='ocrx_word' id='word_1_159' title='bbox 761 2018 998 2097; x_wconf 87' lang='lat' dir='ltr'><strong>Epaminondam</strong></span> <span class='ocrx_word' id='word_1_160' title='bbox 1026 2028 1129 2080; x_wconf 90' lang='lat' dir='ltr'><strong>natum</strong></span> 
     </span>
     <span class='ocr_line' id='line_1_20' title="bbox 51 2102 1127 2182; baseline 0.001 -21"><span class='ocrx_word' id='word_1_161' title='bbox 51 2111 84 2161; x_wconf 89' lang='lat' dir='ltr'><strong>et</strong></span> <span class='ocrx_word' id='word_1_162' title='bbox 105 2109 177 2180; x_wconf 90' lang='lat' dir='ltr'><strong>post</strong></span> <span class='ocrx_word' id='word_1_163' title='bbox 197 2102 331 2163; x_wconf 88' lang='lat' dir='ltr'><strong>ciusdem</strong></span> <span class='ocrx_word' id='word_1_164' title='bbox 354 2102 506 2177; x_wconf 86' lang='lat' dir='ltr'><strong>interitum</strong></span> <span class='ocrx_word' id='word_1_165' title='bbox 529 2111 674 2182; x_wconf 91' lang='lat' dir='ltr'><strong>perpetuo</strong></span> <span class='ocrx_word' id='word_1_166' title='bbox 698 2102 794 2162; x_wconf 89' lang='lat' dir='ltr'><strong>alieno</strong></span> <span class='ocrx_word' id='word_1_167' title='bbox 821 2102 957 2180; x_wconf 90' lang='lat' dir='ltr'><strong>paruisse</strong></span> <span class='ocrx_word' id='word_1_168' title='bbox 985 2102 1127 2180; x_wconf 67' lang='lat' dir='ltr'><strong>imperim</strong></span> 
     </span>
     <span class='ocr_line' id='line_1_21' title="bbox 50 2168 1127 2265; baseline 0.003 -21"><span class='ocrx_word' id='word_1_169' title='bbox 50 2194 171 2246; x_wconf 91' lang='lat' dir='ltr'><strong>contra</strong></span> <span class='ocrx_word' id='word_1_170' title='bbox 180 2205 214 2245; x_wconf 93' lang='lat' dir='ltr'><strong>ea</strong></span> <span class='ocrx_word' id='word_1_171' title='bbox 237 2183 378 2265; x_wconf 91' lang='lat' dir='ltr'><strong>quamdiu</strong></span> <span class='ocrx_word' id='word_1_172' title='bbox 400 2172 451 2247; x_wconf 86' lang='lat' dir='ltr'><strong>ille</strong></span> <span class='ocrx_word' id='word_1_173' title='bbox 472 2168 637 2265; x_wconf 84' lang='lat' dir='ltr'><strong>praefuerit</strong></span> <span class='ocrx_word' id='word_1_174' title='bbox 657 2186 840 2265; x_wconf 87' lang='lat' dir='ltr'><strong>reipublicae</strong></span> <span class='ocrx_word' id='word_1_175' title='bbox 862 2195 952 2264; x_wconf 89' lang='lat' dir='ltr'><strong>caput</strong></span> <span class='ocrx_word' id='word_1_176' title='bbox 973 2186 1066 2247; x_wconf 89' lang='lat' dir='ltr'><strong>fuisse</strong></span> <span class='ocrx_word' id='word_1_177' title='bbox 1082 2196 1127 2247; x_wconf 91' lang='lat' dir='ltr'><strong>to-</strong></span> 
     </span>
     <span class='ocr_line' id='line_1_22' title="bbox 50 2266 1127 2381; baseline 0.003 -53"><span class='ocrx_word' id='word_1_178' title='bbox 50 2266 113 2329; x_wconf 87' lang='lat' dir='ltr'><strong>tius</strong></span> <span class='ocrx_word' id='word_1_179' title='bbox 137 2270 288 2348; x_wconf 83' lang='lat' dir='ltr'><strong>Graeciae.</strong></span> <span class='ocrx_word' id='word_1_180' title='bbox 332 2271 373 2330; x_wconf 87' lang='lat' dir='ltr'><strong>Ex</strong></span> <span class='ocrx_word' id='word_1_181' title='bbox 399 2290 458 2350; x_wconf 90' lang='lat' dir='ltr'><strong>qno</strong></span> <span class='ocrx_word' id='word_1_182' title='bbox 480 2271 612 2350; x_wconf 82' lang='lat' dir='ltr'><strong>intellegi</strong></span> <span class='ocrx_word' id='word_1_183' title='bbox 634 2278 735 2351; x_wconf 90' lang='lat' dir='ltr'><strong>potest</strong></span> <span class='ocrx_word' id='word_1_184' title='bbox 755 2288 846 2330; x_wconf 90' lang='lat' dir='ltr'><strong>unum</strong></span> <span class='ocrx_word' id='word_1_185' title='bbox 865 2269 1018 2381; x_wconf 90' lang='lat' dir='ltr'><strong>hominem</strong></span> <span class='ocrx_word' id='word_1_186' title='bbox 1033 2271 1127 2350; x_wconf 90' lang='lat' dir='ltr'><strong>pluris</strong></span> 
     </span>
     <span class='ocr_line' id='line_1_23' title="bbox 2 2354 444 2439; baseline 0.005 -25"><span class='ocrx_word' id='word_1_187' title='bbox 2 2432 6 2439; x_wconf 89' lang='lat'><strong>.</strong></span> <span class='ocrx_word' id='word_1_188' title='bbox 51 2372 141 2433; x_wconf 87' lang='lat' dir='ltr'><strong>quam</strong></span> <span class='ocrx_word' id='word_1_189' title='bbox 166 2354 314 2416; x_wconf 86' lang='lat' dir='ltr'><strong>civitatem</strong></span> <span class='ocrx_word' id='word_1_190' title='bbox 338 2354 444 2417; x_wconf 90' lang='lat' dir='ltr'><strong>fuisse.</strong></span> 
     </span>
    </p>
   </div>
   <div class='ocr_carea' id='block_1_3' title="bbox 137 2521 1182 2602">
    <p class='ocr_par' dir='ltr' id='par_1_3' title="bbox 137 2521 1182 2602">
     <span class='ocr_line' id='line_1_24' title="bbox 137 2521 1182 2602; baseline 0.004 -21"><span class='ocrx_word' id='word_1_191' title='bbox 137 2522 309 2583; x_wconf 78' lang='lat' dir='ltr'><strong>Puuoemis</strong></span> <span class='ocrx_word' id='word_1_192' title='bbox 332 2523 492 2584; x_wconf 87' lang='lat' dir='ltr'><strong>Thebanus</strong></span> <span class='ocrx_word' id='word_1_193' title='bbox 515 2523 610 2599; x_wconf 82' lang='lat' dir='ltr'><strong>magis</strong></span> <span class='ocrx_word' id='word_1_194' title='bbox 632 2521 786 2583; x_wconf 90' lang='lat' dir='ltr'><strong>historicis</strong></span> <span class='ocrx_word' id='word_1_195' title='bbox 807 2541 896 2602; x_wconf 88' lang='lat' dir='ltr'><strong>quam</strong></span> <span class='ocrx_word' id='word_1_196' title='bbox 917 2524 1004 2602; x_wconf 80' lang='lat' dir='ltr'><strong>vulgo</strong></span> <span class='ocrx_word' id='word_1_197' title='bbox 1021 2529 1182 2601; x_wconf 55' lang='lat' dir='ltr'><strong>notusllll,</strong></span> 
     </span>
    </p>
   </div>
   <div class='ocr_carea' id='block_1_4' title="bbox 2 2737 1209 4095">
    <p class='ocr_par' dir='ltr' id='par_1_4' title="bbox 7 2737 1189 3129">
     <span class='ocr_line' id='line_1_25' title="bbox 7 2737 1176 2804; baseline -0.001 -13"><span class='ocrx_word' id='word_1_198' title='bbox 7 2782 14 2791; x_wconf 88' lang='lat'><strong>.</strong></span> <span class='ocrx_word' id='word_1_199' title='bbox 51 2741 145 2790; x_wconf 83' lang='lat' dir='ltr'><strong>thenon</strong></span> <span class='ocrx_word' id='word_1_200' title='bbox 162 2740 228 2790; x_wconf 90' lang='lat' dir='ltr'><strong>Sohn</strong></span> <span class='ocrx_word' id='word_1_201' title='bbox 246 2741 337 2803; x_wconf 77' lang='lat' dir='ltr'><strong>gehabt</strong></span> <span class='ocrx_word' id='word_1_202' title='bbox 355 2741 426 2790; x_wconf 87' lang='lat' dir='ltr'><strong>hehe.</strong></span> <span class='ocrx_word' id='word_1_203' title='bbox 447 2739 566 2804; x_wconf 72' lang='lat' dir='ltr'><strong>Dagegeu</strong></span> <span class='ocrx_word' id='word_1_204' title='bbox 653 2742 889 2800; x_wconf 78' lang='lat' dir='ltr'><strong>Thebas-imperio.</strong></span> <span class='ocrx_word' id='word_1_205' title='bbox 907 2737 968 2787; x_wconf 88' lang='lat' dir='ltr'><strong>Dies</strong></span> <span class='ocrx_word' id='word_1_206' title='bbox 986 2739 1019 2790; x_wconf 93' lang='lat' dir='ltr'><strong>ist</strong></span> <span class='ocrx_word' id='word_1_207' title='bbox 1036 2741 1129 2791; x_wconf 84' lang='lat' dir='ltr'><strong>zuviel</strong></span> <span class='ocrx_word' id='word_1_208' title='bbox 1170 2791 1176 2797; x_wconf 76' lang='grc'><strong>,</strong></span> 
     </span>
     <span class='ocr_line' id='line_1_26' title="bbox 11 2801 1189 2869; baseline 0 -11"><span class='ocrx_word' id='word_1_209' title='bbox 11 2845 16 2848; x_wconf 74' lang='lat'>-</span> <span class='ocrx_word' id='word_1_210' title='bbox 53 2807 172 2858; x_wconf 83' lang='lat' dir='ltr'><strong>erziihleu</strong></span> <span class='ocrx_word' id='word_1_211' title='bbox 189 2808 262 2857; x_wconf 88' lang='lat' dir='ltr'><strong>Diod.</strong></span> <span class='ocrx_word' id='word_1_212' title='bbox 272 2801 329 2858; x_wconf 85' lang='lat' dir='ltr'><strong>XV.</strong></span> <span class='ocrx_word' id='word_1_213' title='bbox 340 2811 405 2860; x_wconf 78' lang='lat' dir='ltr'><strong>8&#39;lu</strong></span> <span class='ocrx_word' id='word_1_214' title='bbox 409 2808 486 2859; x_wconf 87' lang='lat' dir='ltr'><strong>..Val</strong></span> <span class='ocrx_word' id='word_1_215' title='bbox 496 2808 564 2858; x_wconf 87' lang='lat' dir='ltr'><strong>Max.</strong></span> <span class='ocrx_word' id='word_1_216' title='bbox 618 2813 714 2869; x_wconf 78' lang='lat' dir='ltr'><strong>gesagt</strong></span> <span class='ocrx_word' id='word_1_217' title='bbox 741 2804 788 2854; x_wconf 89' lang='lat' dir='ltr'><strong>Die</strong></span> <span class='ocrx_word' id='word_1_218' title='bbox 806 2803 944 2855; x_wconf 85' lang='lat' dir='ltr'><strong>Wahrheit</strong></span> <span class='ocrx_word' id='word_1_219' title='bbox 961 2805 994 2855; x_wconf 92' lang='lat' dir='ltr'><strong>ist</strong></span> <span class='ocrx_word' id='word_1_220' title='bbox 1012 2807 1069 2858; x_wconf 85' lang='lat' dir='ltr'><strong>dass</strong></span> <span class='ocrx_word' id='word_1_221' title='bbox 1088 2809 1128 2858; x_wconf 88' lang='lat' dir='ltr'><strong>dic</strong></span> <span class='ocrx_word' id='word_1_222' title='bbox 1188 2819 1189 2823; x_wconf 75' lang='grc'>’</span> 
     </span>
     <span class='ocr_line' id='line_1_27' title="bbox 52 2871 1128 2941; baseline 0.001 -16"><span class='ocrx_word' id='word_1_223' title='bbox 52 2875 96 2925; x_wconf 88' lang='grc' dir='ltr'><strong>ΠΙ.</strong></span> <span class='ocrx_word' id='word_1_224' title='bbox 106 2878 129 2933; x_wconf 82' lang='lat'><strong>2,</strong></span> <span class='ocrx_word' id='word_1_225' title='bbox 140 2878 217 2925; x_wconf 68' lang='lat' dir='ltr'><strong>cxci&gt;</strong></span> <span class='ocrx_word' id='word_1_226' title='bbox 244 2876 302 2924; x_wconf 87' lang='lat' dir='ltr'><strong>dass</strong></span> <span class='ocrx_word' id='word_1_227' title='bbox 327 2875 374 2941; x_wconf 85' lang='lat' dir='ltr'><strong>Ep.</strong></span> <span class='ocrx_word' id='word_1_228' title='bbox 402 2876 435 2924; x_wconf 90' lang='lat' dir='ltr'><strong>im</strong></span> <span class='ocrx_word' id='word_1_229' title='bbox 460 2875 567 2926; x_wconf 88' lang='lat' dir='ltr'><strong>Sterhcn</strong></span> <span class='ocrx_word' id='word_1_230' title='bbox 618 2873 696 2923; x_wconf 86' lang='lat' dir='ltr'><strong>Theb.</strong></span> <span class='ocrx_word' id='word_1_231' title='bbox 727 2872 804 2923; x_wconf 90' lang='lat' dir='ltr'><strong>durch</strong></span> <span class='ocrx_word' id='word_1_232' title='bbox 828 2871 874 2937; x_wconf 86' lang='lat' dir='ltr'><strong>Ep.</strong></span> <span class='ocrx_word' id='word_1_233' title='bbox 910 2872 951 2922; x_wconf 92' lang='lat' dir='ltr'><strong>die</strong></span> <span class='ocrx_word' id='word_1_234' title='bbox 978 2873 1128 2938; x_wconf 78' lang='lat' dir='ltr'><strong>llegcmonie</strong></span> 
     </span>
     <span class='ocr_line' id='line_1_28' title="bbox 53 2939 1130 3004; baseline 0 -12"><span class='ocrx_word' id='word_1_235' title='bbox 53 2943 101 2993; x_wconf 76' lang='lat' dir='ltr'><strong>auf</strong></span> <span class='ocrx_word' id='word_1_236' title='bbox 123 2942 164 2991; x_wconf 90' lang='lat' dir='ltr'><strong>dic</strong></span> <span class='ocrx_word' id='word_1_237' title='bbox 186 2941 265 3004; x_wconf 74' lang='lat' dir='ltr'><strong>Klage</strong></span> <span class='ocrx_word' id='word_1_238' title='bbox 295 2942 364 2992; x_wconf 89' lang='lat' dir='ltr'><strong>ciues</strong></span> <span class='ocrx_word' id='word_1_239' title='bbox 392 2945 566 2993; x_wconf 87' lang='lat' dir='ltr'><strong>Auwesendeu</strong></span> <span class='ocrx_word' id='word_1_240' title='bbox 618 2957 649 2990; x_wconf 89' lang='lat' dir='ltr'><strong>zu</strong></span> <span class='ocrx_word' id='word_1_241' title='bbox 666 2940 754 2990; x_wconf 89' lang='lat' dir='ltr'><strong>Laude</strong></span> <span class='ocrx_word' id='word_1_242' title='bbox 772 2939 834 2989; x_wconf 80' lang='lat' dir='ltr'><strong>iiber</strong></span> <span class='ocrx_word' id='word_1_243' title='bbox 852 2941 900 2989; x_wconf 89' lang='lat' dir='ltr'><strong>deu</strong></span> <span class='ocrx_word' id='word_1_244' title='bbox 924 2942 1038 3003; x_wconf 81' lang='lat' dir='ltr'><strong>grdsstcu</strong></span> <span class='ocrx_word' id='word_1_245' title='bbox 1052 2943 1130 2994; x_wconf 85' lang='lat' dir='ltr'><strong>Theil</strong></span> 
     </span>
     <span class='ocr_line' id='line_1_29' title="bbox 54 3006 1128 3073; baseline 0.002 -13"><span class='ocrx_word' id='word_1_246' title='bbox 54 3025 85 3060; x_wconf 85' lang='lat' dir='ltr'><strong>er</strong></span> <span class='ocrx_word' id='word_1_247' title='bbox 113 3009 199 3060; x_wconf 88' lang='lat' dir='ltr'><strong>stcrhe</strong></span> <span class='ocrx_word' id='word_1_248' title='bbox 235 3009 363 3059; x_wconf 86' lang='lat' dir='ltr'><strong>kinderlos</strong></span> <span class='ocrx_word' id='word_1_249' title='bbox 398 3019 567 3073; x_wconf 74' lang='lat' dir='ltr'><strong>gcautwortet</strong></span> <span class='ocrx_word' id='word_1_250' title='bbox 618 3006 815 3058; x_wconf 85' lang='lat' dir='ltr'><strong>Gricchcnlands</strong></span> <span class='ocrx_word' id='word_1_251' title='bbox 845 3022 984 3069; x_wconf 81' lang='lat' dir='ltr'><strong>gcwauucn</strong></span> <span class='ocrx_word' id='word_1_252' title='bbox 1013 3013 1062 3061; x_wconf 89' lang='lat' dir='ltr'><strong>und</strong></span> <span class='ocrx_word' id='word_1_253' title='bbox 1092 3012 1128 3061; x_wconf 84' lang='lat' dir='ltr'><strong>sic</strong></span> 
     </span>
     <span class='ocr_line' id='line_1_30' title="bbox 53 3074 1126 3137; baseline 0.004 -11"><span class='ocrx_word' id='word_1_254' title='bbox 53 3077 118 3127; x_wconf 78' lang='lat' dir='ltr'><strong>halae</strong></span> <span class='ocrx_word' id='word_1_255' title='bbox 137 3092 166 3128; x_wconf 88' lang='lat' dir='ltr'><strong>cr</strong></span> <span class='ocrx_word' id='word_1_256' title='bbox 190 3076 340 3128; x_wconf 89' lang='lat' dir='ltr'><strong>hiuterlassc</strong></span> <span class='ocrx_word' id='word_1_257' title='bbox 365 3079 429 3127; x_wconf 86' lang='lat' dir='ltr'><strong>zwci</strong></span> <span class='ocrx_word' id='word_1_258' title='bbox 447 3077 562 3137; x_wconf 87' lang='lat' dir='ltr'><strong>Tdchter‚</strong></span> <span class='ocrx_word' id='word_1_259' title='bbox 618 3077 695 3126; x_wconf 89' lang='lat' dir='ltr'><strong>durch</strong></span> <span class='ocrx_word' id='word_1_260' title='bbox 713 3076 799 3125; x_wconf 88' lang='lat' dir='ltr'><strong>seinen</strong></span> <span class='ocrx_word' id='word_1_261' title='bbox 813 3074 869 3125; x_wconf 92' lang='lat' dir='ltr'><strong>Tod</strong></span> <span class='ocrx_word' id='word_1_262' title='bbox 885 3076 984 3126; x_wconf 89' lang='lat' dir='ltr'><strong>wieder</strong></span> <span class='ocrx_word' id='word_1_263' title='bbox 1001 3079 1126 3129; x_wconf 87' lang='lat' dir='ltr'><strong>verlorcn.</strong></span> 
     </span>
    </p>

    <p class='ocr_par' dir='ltr' id='par_1_5' title="bbox 2 3144 1209 4095">
     <span class='ocr_line' id='line_1_31' title="bbox 53 3144 564 3265; baseline 0.004 -70"><span class='ocrx_word' id='word_1_264' title='bbox 53 3145 96 3195; x_wconf 88' lang='lat' dir='ltr'><strong>die</strong></span> <span class='ocrx_word' id='word_1_265' title='bbox 88 3144 189 3265; x_wconf 65' lang='lat' dir='ltr'><strong>mSiege</strong></span> <span class='ocrx_word' id='word_1_266' title='bbox 207 3144 249 3194; x_wconf 85' lang='lat' dir='ltr'><strong>ber</strong></span> <span class='ocrx_word' id='word_1_267' title='bbox 259 3145 371 3196; x_wconf 86' lang='lat' dir='ltr'><strong>Leuctra</strong></span> <span class='ocrx_word' id='word_1_268' title='bbox 388 3162 413 3195; x_wconf 94' lang='lat' dir='ltr'><strong>u.</strong></span> <span class='ocrx_word' id='word_1_269' title='bbox 428 3145 564 3198; x_wconf 77' lang='lat' dir='ltr'><strong>Mantinea</strong></span> 
     </span>
     <span class='ocr_line' id='line_1_32' title="bbox 112 3212 568 3278; baseline -0.005 -14.735"><span class='ocrx_word' id='word_1_270' title='bbox 112 3216 231 3265; x_wconf 82' lang='lat' dir='ltr'><strong>aleue—</strong></span> <span class='ocrx_word' id='word_1_271' title='bbox 200 3218 333 3276; x_wconf 66' lang='lat' dir='ltr'><strong>—diceret</strong></span> <span class='ocrx_word' id='word_1_272' title='bbox 366 3213 440 3263; x_wconf 90' lang='lat' dir='ltr'><strong>uaml.</strong></span> <span class='ocrx_word' id='word_1_273' title='bbox 470 3212 568 3278; x_wconf 83' lang='lat' dir='ltr'><strong>Pelopi-</strong></span> 
     </span>
     <span class='ocr_line' id='line_1_33' title="bbox 169 3276 1128 3349; baseline 0.001 -20"><span class='ocrx_word' id='word_1_274' title='bbox 169 3279 193 3329; x_wconf 82' lang='lat' dir='ltr'><strong>ir</strong></span> <span class='ocrx_word' id='word_1_275' title='bbox 208 3279 315 3330; x_wconf 81' lang='lat' dir='ltr'><strong>wiardeu</strong></span> <span class='ocrx_word' id='word_1_276' title='bbox 333 3295 409 3344; x_wconf 79' lang='lat' dir='ltr'><strong>sagea</strong></span> <span class='ocrx_word' id='word_1_277' title='bbox 438 3282 497 3331; x_wconf 87' lang='lat' dir='ltr'><strong>uad</strong></span> <span class='ocrx_word' id='word_1_278' title='bbox 515 3280 568 3330; x_wconf 88' lang='lat' dir='ltr'><strong>dic·</strong></span> <span class='ocrx_word' id='word_1_279' title='bbox 651 3276 675 3334; x_wconf 98' lang='grc'>1.</span> <span class='ocrx_word' id='word_1_280' title='bbox 697 3281 720 3329; x_wconf 92' lang='grc'>1.</span> <span class='ocrx_word' id='word_1_281' title='bbox 742 3279 895 3330; x_wconf 88' lang='lat' dir='ltr'><strong>Schwerlich</strong></span> <span class='ocrx_word' id='word_1_282' title='bbox 916 3282 950 3332; x_wconf 88' lang='lat' dir='ltr'><strong>ist</strong></span> <span class='ocrx_word' id='word_1_283' title='bbox 967 3281 1052 3349; x_wconf 85' lang='lat' dir='ltr'><strong>Pelop.</strong></span> <span class='ocrx_word' id='word_1_284' title='bbox 1073 3282 1128 3332; x_wconf 90' lang='lat' dir='ltr'><strong>dem</strong></span> 
     </span>
     <span class='ocr_line' id='line_1_34' title="bbox 54 3346 1130 3414; baseline 0.003 -18"><span class='ocrx_word' id='word_1_285' title='bbox 54 3347 112 3397; x_wconf 86' lang='lat' dir='ltr'><strong>ser’.</strong></span> <span class='ocrx_word' id='word_1_286' title='bbox 150 3346 198 3396; x_wconf 77' lang='lat' dir='ltr'><strong>Lin</strong></span> <span class='ocrx_word' id='word_1_287' title='bbox 222 3347 345 3399; x_wconf 88' lang='lat' dir='ltr'><strong>chhscl</strong></span> <span class='ocrx_word' id='word_1_288' title='bbox 368 3349 413 3398; x_wconf 88' lang='lat' dir='ltr'><strong>des</strong></span> <span class='ocrx_word' id='word_1_289' title='bbox 438 3349 563 3414; x_wconf 85' lang='lat' dir='ltr'><strong>Suhjects,</strong></span> <span class='ocrx_word' id='word_1_290' title='bbox 618 3360 722 3409; x_wconf 77' lang='lat' dir='ltr'><strong>grosscn</strong></span> <span class='ocrx_word' id='word_1_291' title='bbox 740 3349 878 3399; x_wconf 85' lang='lat' dir='ltr'><strong>romischen</strong></span> <span class='ocrx_word' id='word_1_292' title='bbox 897 3349 1026 3400; x_wconf 86' lang='lat' dir='ltr'><strong>Publicum</strong></span> <span class='ocrx_word' id='word_1_293' title='bbox 1053 3349 1130 3399; x_wconf 79' lang='lat' dir='ltr'><strong>trube-</strong></span> 
     </span>
     <span class='ocr_line' id='line_1_35' title="bbox 53 3406 1129 3479; baseline 0.004 -16"><span class='ocrx_word' id='word_1_294' title='bbox 53 3414 105 3464; x_wconf 85' lang='lat' dir='ltr'><strong>wic</strong></span> <span class='ocrx_word' id='word_1_295' title='bbox 130 3412 159 3464; x_wconf 75' lang='lat' dir='ltr'><strong>dr</strong></span> <span class='ocrx_word' id='word_1_296' title='bbox 181 3415 233 3464; x_wconf 86' lang='lat' dir='ltr'><strong>sich</strong></span> <span class='ocrx_word' id='word_1_297' title='bbox 257 3416 420 3466; x_wconf 83' lang='lat' dir='ltr'><strong>besondcrs&#39;</strong></span> <span class='ocrx_word' id='word_1_298' title='bbox 413 3434 438 3466; x_wconf 93' lang='lat' dir='ltr'><strong>m</strong></span> <span class='ocrx_word' id='word_1_299' title='bbox 455 3416 567 3467; x_wconf 87' lang='lat' dir='ltr'><strong>Relativ·</strong></span> <span class='ocrx_word' id='word_1_300' title='bbox 617 3414 726 3465; x_wconf 87' lang='lat' dir='ltr'><strong>hannter</strong></span> <span class='ocrx_word' id='word_1_301' title='bbox 749 3432 866 3479; x_wconf 76' lang='lat' dir='ltr'><strong>gcwescn</strong></span> <span class='ocrx_word' id='word_1_302' title='bbox 894 3406 945 3466; x_wconf 86' lang='lat' dir='ltr'><strong>als</strong></span> <span class='ocrx_word' id='word_1_303' title='bbox 959 3417 999 3467; x_wconf 89' lang='lat' dir='ltr'><strong>die</strong></span> <span class='ocrx_word' id='word_1_304' title='bbox 1024 3417 1129 3479; x_wconf 76' lang='lat' dir='ltr'><strong>dhrigcn</strong></span> 
     </span>
     <span class='ocr_line' id='line_1_36' title="bbox 55 3481 1126 3535; baseline 0.001 -4"><span class='ocrx_word' id='word_1_305' title='bbox 55 3485 143 3532; x_wconf 80' lang='lat' dir='ltr'><strong>saitzeu</strong></span> <span class='ocrx_word' id='word_1_306' title='bbox 160 3482 193 3531; x_wconf 89' lang='lat' dir='ltr'><strong>im</strong></span> <span class='ocrx_word' id='word_1_307' title='bbox 203 3482 378 3533; x_wconf 85' lang='lat' dir='ltr'><strong>Lutcinischen</strong></span> <span class='ocrx_word' id='word_1_308' title='bbox 394 3485 462 3535; x_wconf 73' lang='lat' dir='ltr'><strong>onor</strong></span> <span class='ocrx_word' id='word_1_309' title='bbox 478 3485 563 3535; x_wconf 86' lang='lat' dir='ltr'><strong>findet.</strong></span> <span class='ocrx_word' id='word_1_310' title='bbox 616 3481 763 3532; x_wconf 81' lang='lat' dir='ltr'><strong>herdhmteu</strong></span> <span class='ocrx_word' id='word_1_311' title='bbox 780 3484 918 3534; x_wconf 81' lang='lat' dir='ltr'><strong>Fcldherrn</strong></span> <span class='ocrx_word' id='word_1_312' title='bbox 936 3485 983 3534; x_wconf 87' lang='lat' dir='ltr'><strong>der</strong></span> <span class='ocrx_word' id='word_1_313' title='bbox 994 3483 1126 3535; x_wconf 84' lang='lat' dir='ltr'><strong>Griechen.</strong></span> 
     </span>
     <span class='ocr_line' id='line_1_37' title="bbox 56 3548 1129 3619; baseline 0 -20"><span class='ocrx_word' id='word_1_314' title='bbox 56 3549 121 3600; x_wconf 83' lang='lat' dir='ltr'><strong>llirt:</strong></span> <span class='ocrx_word' id='word_1_315' title='bbox 133 3550 157 3600; x_wconf 95' lang='grc' dir='ltr'><strong>Ιι</strong></span> <span class='ocrx_word' id='word_1_316' title='bbox 167 3550 240 3600; x_wconf 81' lang='lat' dir='ltr'><strong>Alex.</strong></span> <span class='ocrx_word' id='word_1_317' title='bbox 250 3553 317 3610; x_wconf 83' lang='lat'><strong>56,5</strong></span> <span class='ocrx_word' id='word_1_318' title='bbox 349 3557 433 3619; x_wconf 71' lang='lat' dir='ltr'><strong>quitus</strong></span> <span class='ocrx_word' id='word_1_319' title='bbox 456 3558 567 3619; x_wconf 62' lang='lat' dir='ltr'><strong>pecunias</strong></span> <span class='ocrx_word' id='word_1_320' title='bbox 616 3548 669 3600; x_wconf 84' lang='lat' dir='ltr'><strong>Das</strong></span> <span class='ocrx_word' id='word_1_321' title='bbox 700 3550 816 3613; x_wconf 81' lang='lat' dir='ltr'><strong>folgendc</strong></span> <span class='ocrx_word' id='word_1_322' title='bbox 840 3552 973 3602; x_wconf 86' lang='lat' dir='ltr'><strong>Bcdcnken</strong></span> <span class='ocrx_word' id='word_1_323' title='bbox 1002 3566 1060 3601; x_wconf 89' lang='lat' dir='ltr'><strong>war</strong></span> <span class='ocrx_word' id='word_1_324' title='bbox 1087 3551 1129 3600; x_wconf 89' lang='lat' dir='ltr'><strong>hei</strong></span> 
     </span>
     <span class='ocr_line' id='line_1_38' title="bbox 55 3616 1131 3685; baseline -0.003 -16"><span class='ocrx_word' id='word_1_325' title='bbox 55 3623 190 3685; x_wconf 83' lang='lat' dir='ltr'><strong>imperasset</strong></span> <span class='ocrx_word' id='word_1_326' title='bbox 206 3637 279 3685; x_wconf 73' lang='lat' dir='ltr'><strong>nccare</strong></span> <span class='ocrx_word' id='word_1_327' title='bbox 298 3624 454 3672; x_wconf 79' lang='lat' dir='ltr'><strong>contulissent</strong></span> <span class='ocrx_word' id='word_1_328' title='bbox 617 3618 745 3668; x_wconf 82' lang='lat' dir='ltr'><strong>maacham</strong></span> <span class='ocrx_word' id='word_1_329' title='bbox 768 3619 859 3669; x_wconf 80' lang='lat' dir='ltr'><strong>dassen</strong></span> <span class='ocrx_word' id='word_1_330' title='bbox 876 3618 962 3668; x_wconf 86' lang='lat' dir='ltr'><strong>Lchcn</strong></span> <span class='ocrx_word' id='word_1_331' title='bbox 979 3616 1059 3669; x_wconf 91' lang='lat' dir='ltr'><strong>Nm</strong></span> <span class='ocrx_word' id='word_1_332' title='bbox 1078 3618 1131 3667; x_wconf 87' lang='lat' dir='ltr'><strong>die·</strong></span> 
     </span>
     <span class='ocr_line' id='line_1_39' title="bbox 2 3685 1130 3743; baseline -0.003 -6"><span class='ocrx_word' id='word_1_333' title='bbox 2 3702 6 3707; x_wconf 93' lang='lat'>·</span> <span class='ocrx_word' id='word_1_334' title='bbox 89 3688 114 3737; x_wconf 84' lang='lat'><strong>3</strong></span> <span class='ocrx_word' id='word_1_335' title='bbox 136 3685 342 3743; x_wconf 83' lang='lat' dir='ltr'><strong>SzuPe12,5</strong></span> <span class='ocrx_word' id='word_1_336' title='bbox 516 3713 520 3728; x_wconf 85' lang='lat'><strong>·</strong></span> <span class='ocrx_word' id='word_1_337' title='bbox 619 3700 671 3735; x_wconf 86' lang='lat' dir='ltr'><strong>sem</strong></span> <span class='ocrx_word' id='word_1_338' title='bbox 689 3686 756 3734; x_wconf 89' lang='lat' dir='ltr'><strong>Buch</strong></span> <span class='ocrx_word' id='word_1_339' title='bbox 780 3685 878 3735; x_wconf 76' lang='lat' dir='ltr'><strong>erzihlt</strong></span> <span class='ocrx_word' id='word_1_340' title='bbox 901 3687 944 3734; x_wconf 88' lang='lat' dir='ltr'><strong>hat</strong></span> <span class='ocrx_word' id='word_1_341' title='bbox 968 3685 1011 3735; x_wconf 84' lang='lat' dir='ltr'><strong>hei</strong></span> <span class='ocrx_word' id='word_1_342' title='bbox 1027 3686 1130 3734; x_wconf 83' lang='lat' dir='ltr'><strong>weiteru</strong></span> 
     </span>
     <span class='ocr_line' id='line_1_40' title="bbox 90 3752 1129 3820; baseline -0.004 -15"><span class='ocrx_word' id='word_1_343' title='bbox 90 3758 166 3805; x_wconf 85' lang='lat' dir='ltr'><strong>domo.</strong></span> <span class='ocrx_word' id='word_1_344' title='bbox 186 3752 212 3804; x_wconf 88' lang='lat' dir='ltr'><strong>S.</strong></span> <span class='ocrx_word' id='word_1_345' title='bbox 222 3770 252 3803; x_wconf 86' lang='lat' dir='ltr'><strong>zu</strong></span> <span class='ocrx_word' id='word_1_346' title='bbox 260 3753 321 3820; x_wconf 86' lang='lat' dir='ltr'><strong>Lys.</strong></span> <span class='ocrx_word' id='word_1_347' title='bbox 331 3754 354 3810; x_wconf 90' lang='grc'><strong>3,</strong></span> <span class='ocrx_word' id='word_1_348' title='bbox 365 3756 390 3803; x_wconf 79' lang='grc'><strong>5.</strong></span> <span class='ocrx_word' id='word_1_349' title='bbox 618 3754 690 3802; x_wconf 88' lang='lat' dir='ltr'><strong>mehr</strong></span> <span class='ocrx_word' id='word_1_350' title='bbox 698 3752 857 3815; x_wconf 69' lang='lat' dir='ltr'><strong>engebracht</strong></span> <span class='ocrx_word' id='word_1_351' title='bbox 879 3753 928 3802; x_wconf 92' lang='lat' dir='ltr'><strong>und</strong></span> <span class='ocrx_word' id='word_1_352' title='bbox 945 3752 985 3802; x_wconf 88' lang='lat' dir='ltr'><strong>die</strong></span> <span class='ocrx_word' id='word_1_353' title='bbox 996 3753 1129 3816; x_wconf 77' lang='lat' dir='ltr'><strong>unnothige</strong></span> 
     </span>
     <span class='ocr_line' id='line_1_41' title="bbox 89 3818 1147 3886; baseline -0.001 -15"><span class='ocrx_word' id='word_1_354' title='bbox 89 3822 114 3871; x_wconf 89' lang='grc'><strong>4.</strong></span> <span class='ocrx_word' id='word_1_355' title='bbox 131 3826 221 3886; x_wconf 75' lang='lat' dir='ltr'><strong>infitias</strong></span> <span class='ocrx_word' id='word_1_356' title='bbox 238 3827 273 3872; x_wconf 81' lang='lat' dir='ltr'><strong>ire</strong></span> <span class='ocrx_word' id='word_1_357' title='bbox 290 3820 447 3883; x_wconf 81' lang='lat' dir='ltr'><strong>gebraucheu</strong></span> <span class='ocrx_word' id='word_1_358' title='bbox 464 3820 568 3872; x_wconf 84' lang='lat' dir='ltr'><strong>Plautus</strong></span> <span class='ocrx_word' id='word_1_359' title='bbox 619 3819 834 3870; x_wconf 73' lang='lat' dir='ltr'><strong>husliahrlichkcit</strong></span> <span class='ocrx_word' id='word_1_360' title='bbox 850 3820 895 3870; x_wconf 89' lang='lat' dir='ltr'><strong>mit</strong></span> <span class='ocrx_word' id='word_1_361' title='bbox 905 3818 1016 3869; x_wconf 87' lang='lat' dir='ltr'><strong>welcher</strong></span> <span class='ocrx_word' id='word_1_362' title='bbox 1034 3821 1073 3869; x_wconf 86' lang='lat' dir='ltr'><strong>dic</strong></span> <span class='ocrx_word' id='word_1_363' title='bbox 1083 3821 1147 3870; x_wconf 80' lang='lat' dir='ltr'><strong>lic·-</strong></span> 
     </span>
     <span class='ocr_line' id='line_1_42' title="bbox 58 3886 1209 3951; baseline 0.001 -15"><span class='ocrx_word' id='word_1_364' title='bbox 58 3902 81 3936; x_wconf 92' lang='lat' dir='ltr'><strong>n.</strong></span> <span class='ocrx_word' id='word_1_365' title='bbox 101 3886 214 3947; x_wconf 81' lang='lat' dir='ltr'><strong>Tercuu,</strong></span> <span class='ocrx_word' id='word_1_366' title='bbox 242 3889 304 3938; x_wconf 85' lang='lat' dir='ltr'><strong>auch</strong></span> <span class='ocrx_word' id='word_1_367' title='bbox 324 3887 410 3937; x_wconf 87' lang='lat' dir='ltr'><strong>Livius</strong></span> <span class='ocrx_word' id='word_1_368' title='bbox 428 3887 479 3947; x_wconf 75' lang='lat' dir='ltr'><strong>(Vl.</strong></span> <span class='ocrx_word' id='word_1_369' title='bbox 490 3892 530 3948; x_wconf 79' lang='lat' dir='ltr'><strong>to,</strong></span> <span class='ocrx_word' id='word_1_370' title='bbox 541 3892 565 3941; x_wconf 86' lang='grc'><strong>4.</strong></span> <span class='ocrx_word' id='word_1_371' title='bbox 619 3888 719 3950; x_wconf 78' lang='lat' dir='ltr'><strong>freiung</strong></span> <span class='ocrx_word' id='word_1_372' title='bbox 735 3886 851 3937; x_wconf 83' lang='lat' dir='ltr'><strong>Thebans</strong></span> <span class='ocrx_word' id='word_1_373' title='bbox 868 3886 992 3951; x_wconf 75' lang='lat' dir='ltr'><strong>berichtet</strong></span> <span class='ocrx_word' id='word_1_374' title='bbox 1012 3888 1078 3937; x_wconf 85' lang='lat' dir='ltr'><strong>wirrl</strong></span> <span class='ocrx_word' id='word_1_375' title='bbox 1096 3893 1126 3949; x_wconf 80' lang='lat' dir='ltr'><strong>ts.</strong></span> <span class='ocrx_word' id='word_1_376' title='bbox 1204 3890 1209 3893; x_wconf 86' lang='grc'><strong>’</strong></span> 
     </span>
     <span class='ocr_line' id='line_1_43' title="bbox 57 3953 1130 4019; baseline 0.002 -14"><span class='ocrx_word' id='word_1_377' title='bbox 57 3953 102 4005; x_wconf 89' lang='lat' dir='ltr'><strong>lX.</strong></span> <span class='ocrx_word' id='word_1_378' title='bbox 111 3958 164 4014; x_wconf 82' lang='grc'><strong>9,4.</strong></span> <span class='ocrx_word' id='word_1_379' title='bbox 173 3956 207 4006; x_wconf 89' lang='grc' dir='ltr'><strong>Χ.</strong></span> <span class='ocrx_word' id='word_1_380' title='bbox 218 3957 286 4015; x_wconf 78' lang='lat' dir='ltr'><strong>tos.</strong></span> <span class='ocrx_word' id='word_1_381' title='bbox 294 3954 393 4007; x_wconf 89' lang='grc' dir='ltr'>ΧΧΧΙ.</span> <span class='ocrx_word' id='word_1_382' title='bbox 403 3958 480 4019; x_wconf 85' lang='grc'>31,9);</span> <span class='ocrx_word' id='word_1_383' title='bbox 502 3957 570 4007; x_wconf 90' lang='lat' dir='ltr'><strong>nicht</strong></span> <span class='ocrx_word' id='word_1_384' title='bbox 619 3970 641 4005; x_wconf 88' lang='lat' dir='ltr'><strong>c.</strong></span> <span class='ocrx_word' id='word_1_385' title='bbox 652 3957 674 4013; x_wconf 86' lang='grc'><strong>3,</strong></span> <span class='ocrx_word' id='word_1_386' title='bbox 687 3958 709 4006; x_wconf 93' lang='grc'>1.</span> <span class='ocrx_word' id='word_1_387' title='bbox 720 3957 744 4011; x_wconf 81' lang='lat' dir='ltr'><strong>tt</strong></span> <span class='ocrx_word' id='word_1_388' title='bbox 762 3956 855 4006; x_wconf 89' lang='lat' dir='ltr'><strong>stimmt</strong></span> <span class='ocrx_word' id='word_1_389' title='bbox 872 3955 983 4005; x_wconf 81' lang='lat' dir='ltr'><strong>schlecut</strong></span> <span class='ocrx_word' id='word_1_390' title='bbox 999 3957 1045 4006; x_wconf 87' lang='lat' dir='ltr'><strong>mit</strong></span> <span class='ocrx_word' id='word_1_391' title='bbox 1062 3956 1130 4007; x_wconf 83' lang='lat' dir='ltr'><strong>dem-</strong></span> 
     </span>
     <span class='ocr_line' id='line_1_44' title="bbox 59 4021 834 4095; baseline 0 -22"><span class='ocrx_word' id='word_1_392' title='bbox 59 4021 147 4074; x_wconf 83' lang='lat' dir='ltr'><strong>Cicero</strong></span> <span class='ocrx_word' id='word_1_393' title='bbox 167 4040 190 4073; x_wconf 94' lang='lat' dir='ltr'><strong>u.</strong></span> <span class='ocrx_word' id='word_1_394' title='bbox 211 4023 315 4074; x_wconf 86' lang='lat' dir='ltr'><strong>Cacsar.</strong></span> <span class='ocrx_word' id='word_1_395' title='bbox 619 4022 705 4095; x_wconf 76' lang='lat' dir='ltr'><strong>selben</strong></span> <span class='ocrx_word' id='word_1_396' title='bbox 723 4023 834 4073; x_wconf 84' lang='lat' dir='ltr'><strong>ribcrein.</strong></span> 
     </span>
    </p>
   </div>
   <div class='ocr_carea' id='block_1_5' title="bbox 0 0 1382 4766">
    <p class='ocr_par' dir='ltr' id='par_1_6' title="bbox 0 0 1382 4766">
     <span class='ocr_line' id='line_1_45' title="bbox 0 0 1382 4766; baseline 0 0"><span class='ocrx_word' id='word_1_397' title='bbox 0 0 1382 4766; x_wconf 95' lang='lat' dir='ltr'><strong> </strong></span> 
     </span>
    </p>
   </div>
  </div>
 </body>
</html>
