2742 4766
186 484 229 549 36
588 491 642 542 un.
663 490 856 542 Pausanias.
877 492 901 541 2

230 665 322 728 ριιιιιι
342 646 464 708 nomina
485 664 588 707 earnm
613 645 768 706 civitatium
796 663 922 724 quanam
951 643 1060 704 anxilio
1082 643 1194 703 Persae
1224 653 1312 705 erant

187 731 315 801 zricti.
358 732 433 792 Post
453 730 484 791 id
507 729 655 809 proelium
677 729 807 791 eundem
820 729 1001 790 Pausaniam
1022 746 1090 789 enm
1111 727 1210 788 classe
1226 746 1310 788 com·
1366 762 1367 765 =

229 815 313 879 muni
335 816 464 895 Cyprum
487 824 576 894 atque
598 814 826 892 Hellespontum
849 813 1007 884 miseruut,
1029 823 1063 873 ut
1082 831 1118 872 ex
1139 811 1189 872 nis
1207 814 1310 890 regio-

189 906 208 965 2
231 900 320 963 nibus
340 900 538 962 barbarorum
560 898 713 978 praesidia
734 897 909 977 depelleret
959 897 1028 972 Pari
1050 896 1196 957 felicitate
1219 896 1252 957 in
1274 916 1311 958 ea

230 1004 263 1046 re
291 1003 364 1046 usus
392 984 500 1045 elatius
528 1003 562 1046 se
590 996 695 1061 gerere
722 982 825 1062 coepit
851 983 1043 1061 maioresque
1074 989 1218 1060 appetere
1249 1001 1310 1044 res.

229 1070 304 1131 Nam
332 1087 401 1131 cum
421 1068 566 1148 Byzantio
596 1076 764 1148 expugnato
795 1068 928 1147 cepisset
955 1065 1126 1145 complures
1147 1066 1311 1126 Persarum

149 1175 169 1217 .·
230 1153 349 1216 nobiles
377 1162 468 1232 atque
495 1153 527 1213 in
555 1152 604 1212 his
627 1152 789 1213 nonnullos
814 1153 895 1230 regis
916 1152 1122 1230 propinquos,
1151 1151 1208 1211 hos
1232 1152 1310 1211 clam
1366 1184 1367 1187 ι

229 1238 320 1300 Xerxi
347 1237 467 1299 remisit
492 1236 638 1298 simulans
666 1255 701 1298 ex
729 1236 837 1297 vinclis
864 1235 1164 1315 puhlicis'ellugisse
1187 1243 1218 1295 et
1241 1254 1309 1296 cum
1366 1298 1367 1301 ,

230 1323 278 1383 his
295 1321 463 1401 Gongylum
476 1321 680 1382 Eretriensem
696 1322 747 1400 qui
762 1321 876 1382 litteras
892 1322 956 1398 regi
972 1321 1126 1391 redderet,
1150 1319 1181 1381 iu
1198 1319 1309 1398 quibus
1366 1324 1367 1353 i

189 1413 207 1470 3
229 1407 305 1468 haec
327 1406 422 1467 luisse
444 1405 556 1485 scripta
571 1406 762 1485 Thucydides
777 1405 941 1466 memoriae
958 1405 1106 1484 prodidit:
1129 1405 1308 1480 Pausanias,
1365 1418 1367 1477 ,

230 1489 290 1551 dux
305 1492 442 1569 Spartae,
465 1509 541 1570 quos
555 1490 679 1570 Byzanti
701 1499 823 1570 ceperat
844 1498 1004 1568 postquam
1026 1489 1215 1568 propinquos
1239 1499 1309 1551 tuos
1366 1528 1367 1535 ι

230 1574 385 1653 cognovit,
415 1574 470 1635 tibi
497 1575 615 1636 muneri
644 1575 729 1635 misit
756 1594 849 1654 seque
876 1582 976 1635 tecum
998 1574 1143 1635 affinitate
1165 1574 1309 1652 coniungi
1365 1574 1367 1615 i

230 1658 323 1737 cupit.
369 1658 483 1731 Quare,
511 1659 538 1719 si
565 1659 620 1721 tibi
648 1660 781 1733 videtur,
810 1660 865 1720 des
894 1660 923 1720 ei
951 1658 1043 1719 filiam
1067 1670 1148 1719 tuam
1169 1667 1309 1738 nuptum.

187 1742 263 1809 414
292 1742 319 1803 si
346 1743 472 1816 leceris,
503 1755 533 1804 et
561 1745 700 1823 Spartam
728 1754 758 1805 et
785 1750 916 1804 ceteram
950 1743 1105 1804 Graeciam
1139 1743 1194 1804 sub
1225 1753 1309 1804 tuam

228 1835 409 1906 potestatem
441 1846 474 1899 se
502 1828 660 1890 adiuvante
690 1839 719 1889 te
747 1829 937 1889 redacturum
966 1827 1142 1907 pollicetur.
1192 1826 1249 1888 His
1271 1828 1309 1888 de

228 1911 319 1972 rebus
342 1911 368 1973 si
391 1911 462 1990 quid
484 1913 548 1989 geri
564 1910 713 1985 ¹volueris,
744 1921 859 1973 eertum
879 1913 1032 1972 hominem
1055 1912 1091 1972 ad
1115 1930 1182 1972 eum
1205 1912 1309 1973 mittas

189 1995 294 2062 5lace
318 2014 385 2057 cum
409 2014 467 2075 qno
491 1998 690 2077 colloquatur.
733 1998 794 2058 Rex
818 2005 862 2058 tot
883 1997 1039 2057 hominum
1055 1997 1150 2058 salute
1166 2006 1225 2057 tam
1248 1997 1308 2058 sibi

230 2081 469 2142 necessariorum
507 2099 691 2161 magnopere
722 2082 859 2160 gavisns‘
880 2081 1040 2142 confestim
1076 2100 1144 2141 cum
1178 2080 1308 2160 epistola

144 2304 156 2320 ,
177 2276 192 2297 x
229 2263 291 2311 nacla
320 2263 367 2311 der
396 2263 513 2314 Schlaclrt
538 2262 590 2314 bei'
603 2263 692 2315 Platae
715 2266 741 2315 in
792 2265 853 2316 Sata
877 2280 908 2314 zu
932 2251 1031 2322 ludolfi,
1066 2266 1178 2315 welches
1206 2266 1308 2316 heisseu

229 2328 318 2395 Delphi
335 2329 408 2380 einen
433 2331 540 2393 goldneu
563 2333 679 2383 Dreiluss
697 2333 742 2383 mit
791 2341 886 2383 mnsste
913 2339 1016 2382 ‘certum
1041 2328 1162 2382 laoniinem
1187 2334 1218 2383 ad
1236 2349 1308 2384 mare

229 2396 361 2459 folgenden
377 2399 518 2449 Anlsclrrill
535 2401 660 2462 geweiht:
687 2396 741 2451 ‘nt-
791 2402 877 2452 mittas
900 2400 956 2449 face
981 2416 1117 2467 perquem
1135 2401 1308 2468 inposterum

228 2459 310 2544 ludos
340 2457 489 2536 εὐρυχόρου
516 2469 634 2538 σωτῆρες
660 2462 738 2518 τόνδ’
792 2468 977 2539 colloquamur’.
1004 2469 1074 2518 Denn
1093 2485 1149 2518 zum
1167 2470 1307 2521 Pausanias

229 2529 366 2593 urldqxur
402 2530 570 2596 Αυυλοσύνης
609 2537 742 2604 στυγερᾶς
792 2538 884 2587 lonnte
903 2536 950 2585 der
966 2536 1127 2599 Ahgesandte
1151 2539 1219 2587 nicht
1238 2539 1307 2588 kon-

227 2594 378 2716 ἓυσάμενυι
394 2596 497 2657 πόλιας.
518 2602 589 2651 Denn
606 2606 676 2653 wire
695 2606 740 2654 das
791 2620 848 2655 men
873 2605 936 2653 ohne
964 2605 1012 2653 den
1039 2606 1154 2667 grossten
1177 2605 1307 2658 Verdacld

250 2667 372 2734 pigramm
390 2671 435 2719 des
447 2670 586 2721 Pausanias
604 2673 681 2721 durclr
700 2671 741 2721 ein
792 2689 824 2722 zu
841 2687 957 2734 erregen.
1137 2678 1141 2685 “

228 2736 335 2785 anderes
360 2744 467 2796 ersetzt,
496 2754 523 2788 so
547 2739 636 2789 wrirde
659 2739 738 2789 Thoe.
826 2743 851 2792 4.
872 2738 1098 2797 sciscientes..
1121 2751 1141 2794 te
1159 2743 1206 2791 der
1223 2741 1282 2792 Abl-

228 2802 443 2855 diesenUmstand
462 2806 529 2856 nicht
541 2809 741 2871 unerwailrntge-
808 2816 883 2873 ,sora
904 2814 974 2856 sonst
992 2822 1038 2856 nur
1055 2807 1097 2856 hei
1114 2808 1226 2867 Plautus,
1258 2808 1307 2860 '1¹⁰-

227 2867 312 2919 lassen
329 2872 418 2922 haben.
791 2891 860 2932 renz,
883 2873 946 2923 Cato
955 2875 1004 2923 und
1014 2875 1142 2926 Dichtern.
1163 2877 1246 2929 Varro
1266 2879 1305 2938 (de

262 2933 290 2992 2.
313 2940 336 2989 1.
358 2939 396 2989 01.
407 2944 446 3000 tt,
457 2944 567 2993 tatto.
792 2958 820 2993 re
833 2950 897 2992 rust.
906 2942 925 2992 l.
935 2944 1024 2994 dextr.
1033 2942 1063 2994 ll.
1076 2947 1097 3001 l,
1111 2948 1151 3007 ll)
1170 2947 1213 2995 hat
1230 2946 1306 2997 elren-

262 3007 440 3073 Heltespontum.
460 3008 666 3067 s.zut1itt.1‚l.
792 3027 820 3062 so
839 3015 889 3062 dice
907 3017 1003 3074 gesagt.

263 3072 287 3122 2·
308 3071 349 3150 ,ΖΠ
375 3078 500 3139 Gongylum
523 3076 625 3127 istaus
654 3082 741 3130 remisit
811 3079 850 3142 ,5.
872 3088 918 3129 tom
935 3082 981 3130 sibi
997 3097 1084 3131 necess.
1104 3078 1302 3139 S.anat.6‚l.

165 3146 173 3159 ⁴
207 3176 209 3182 .
229 3138 274 3188 das
292 3139 405 3189 erulaehe
422 3147 486 3193 misit
502 3159 534 3192 zu
552 3146 707 3202 entnelrmen.
826 3145 981 3204 Artabazus,
1010 3147 1056 3195 der
1074 3146 1141 3196 Sohn
1152 3148 1209 3197 'des
1227 3147 1305 3198 Phar-

263 3206 287 3257 3.
308 3208 331 3257 4.
352 3206 431 3257 Thuc.
440 3207 459 3257 1.
471 3211 518 3262 128
549 3210 706 3266 Παυσανίας
726 3206 739 3261 ὅ
793 3228 868 3263 nuces
885 3218 925 3273 (er
942 3214 1010 3263 hatte
1021 3214 1132 3277 denZug
1142 3230 1222 3279 gagen
1233 3214 1305 3267 Grie·

228 3267 338 3340 ἧγεμών
362 3275 409 3336 τῆς
433 3272 562 3347 Σπάρτης
591 3276 688 3330 corinda
711 3277 741 3330 τέ
791 3281 912 3331 cheuland
930 3281 1090 3344 mitgemaelrt
1114 3284 1163 3333 und
1184 3299 1242 3333 war
1261 3300 1304 3334 ans

229 3353 273 3390 σοι
295 3339 461 3412 χαρίζεσθαι
483 3342 646 3415 βουλόμενος
675 3341 740 3397 dno·
792 3350 839 3399 der
856 3348 974 3399 Sehlaolrt
990 3349 1032 3399 bei
1049 3349 1137 3400 Pluma
1157 3355 1304 3415 entronneu)

228 3405 328 3476 πέμπει
345 3407 407 3481 δορὶ
424 3408 492 3463 ttdu
505 3410 673 3482 adipiscimur
681 3431 740 3464 ποι·
791 3418 865 3466 ward
882 3416 950 3466 nicht
967 3433 1022 3466 zum
1038 3418 1177 3469 Pausanias
1195 3421 1305 3470 sonderu

229 3477 321 3543 υῦμαι,
341 3473 427 3529 εἶκαὶ
444 3477 489 3530 σοὶ
506 3479 588 3539 δοκεῖ,
599 3481 740 3552 θυγατέρα
792 3485 830 3535 als
844 3485 935 3551 Satrap
953 3486 1014 3534 nach
1024 3485 1180 3553 Daskyleion
1190 3487 1304 3556 inPlrry-

227 3559 257 3595 τε
274 3541 325 3606 τὴν
342 3543 393 3608 σὴν
410 3548 499 3616 γῆμαι
522 3547 570 3599 καί
586 3564 631 3599 σοι
647 3547 740 3621 Σπὰρ-
792 3553 848 3616 gien
873 3568 912 3601 arn
937 3552 1082 3618 Hellespont
1108 3556 1228 3618 gesandt3
1257 3572 1304 3606 von

228 3627 278 3673 την
295 3611 386 3664 τεκαὶ
404 3612 454 3677 τὴν
467 3609 739 3678 ἅλληνἙλλᾶδαῦπυ-
792 3622 850 3670 dort
868 3619 1040 3670 dherschiekte
1058 3636 1088 3670 er
1100 3623 1157 3672 dem
1168 3623 1242 3673 Pons.
1257 3625 1304 3673 den
1341 3662 1346 3669 .

191 3706 197 3717 .
224 3677 332 3797 {lappam
344 3683 476 3765 mortium.⁴
487 3681 603 3767 duranda
620 3683 740 3767 &sm
792 3687 870 3739 Briel.
891 3688 969 3739 Thac.
980 3688 998 3738 1.
1013 3690 1067 3783 129.
1080 3689 1138 3752 Vgl.
1147 3693 1209 3770 zu03.
1221 3694 1245 3742 4.

227 3764 402 3898 ξαυόὲιετιῗοῖτα
412 3751 522 3870 tragedi?
533 3757 742 3872 ἴίπέεσξίιζῖῗν
793 3766 977 3888 anggmeiidiectqj
985 3800 989 3810 Ι
997 3758 1305 3877 ‘udiersgtilcirtnllaiilstdu’lim

228 3880 680 4007 iiifflffsiist,idiaymi&
697 3886 742 3971 lui
791 3897 951 4013 Ζιια111αιᾰ*ἡ
970 3905 1068 4011 αρρναίρι.
1086 3894 1147 3944 Dies
1157 3896 1303 4012 paropsiae
1344 3954 1349 3967 Ι

228 4009 325 4082 ια...
341 3973 526 4089 mimmii
543 3973 741 4077 matildi?
792 3976 985 4093 ,diliciis
1003 3974 1305 4097 iiiiiiigmffmiii

228 4089 333 4149 somung
351 4087 395 4137 dor
403 4087 487 4155 Nepos
504 4091 538 4142 ist
552 4108 599 4142 nur
609 4094 656 4144 der
663 4094 741 4145 letzte
775 4097 861 4164 ,(§3).
890 4096 978 4147 thaa
996 4097 1137 4160 derartlges
1156 4097 1232 4148 findet
1249 4097 1302 4147 sicli
