2750 4768
203 442 265 505 lit
582 454 677 507 xxm
697 454 876 507 muntem.
896 457 921 507 2

199 606 352 679 2manie.
393 609 468 670 llam
493 618 528 671 ut
558 609 692 671 omittam
723 610 909 690 Philippum,
939 629 1027 689 quem
1055 609 1163 670 abseru
1189 609 1304 687 hostem

242 693 373 757 reddidit
392 695 545 767 Homanis,
577 695 710 756 omnium
731 695 779 756 his
801 695 987 774 temporibus
1007 694 1235 774 potentissimus
1254 711 1304 754 rex

242 780 406 841 Antiochus
434 779 498 840 luit.
541 780 627 841 Hunc
655 788 737 846 tenta
763 779 1087 860 cupiditate-incendit
1112 778 1243 840 bellandi
1273 786 1304 839 ut

189 867 220 925 ,2
241 883 337 943 neque
365 883 381 924 a
408 864 499 925 rubro
526 866 601 925 mari
630 884 710 926 arma
740 873 865 927 conatus
896 866 936 925 sit
965 865 1077 926 inferre
1104 863 1219 924 ltaliae.
1260 863 1302 923 Ad

243 967 331 1028 quem
358 954 438 1011 cum‘
454 949 544 1027 legati
570 950 725 1010 venissent
750 950 875 1011 Romani
910 949 960 1028 qui
993 950 1031 1009 de
1064 948 1129 1009 cius
1155 949 1303 1008 voluntate

241 1034 429 1112 explorarent
456 1034 619 1112 darentque
647 1053 770 1114 operam
797 1035 933 1095 consiliis
958 1033 1151 1095 clandestinis
1173 1041 1206 1094 ut
1227 1032 1301 1092 llan-

241 1118 371 1180 nihalem
400 1119 429 1179 in
461 1118 664 1198 suspicionem
690 1120 754 1197 regi
782 1120 964 1180 adducerent
988 1128 1138 1196 tamqrmm
1172 1117 1210 1178 ab
1232 1117 1303 1196 ipsis

241 1212 414 1283 corruptum
436 1203 494 1264 alia
517 1212 605 1282 atque
628 1213 714 1265 antea
737 1205 848 1265 sentire
870 1222 968 1282 neque
990 1204 1021 1263 id
1038 1204 1147 1263 frustra
1164 1201 1304 1262 iecissent

241 1288 331 1367 idque
359 1288 505 1348 Hannibal
533 1288 730 1369 comperisset
756 1308 849 1367 seque
876 1288 913 1350 ah
946 1285 1139 1349 interioribus
1171 1286 1302 1348 consiliis

113 1420 121 1433 .
201 1373 391 1451 'aleegregari
413 1372 552 1445 vidisset,
585 1383 721 1452 tempore
752 1375 821 1434 dato
850 1374 921 1435 adiit
949 1374 984 1433 ad
1006 1391 1107 1450 regem
1129 1372 1218 1450 eique
1241 1389 1302 1432 cum

240 1458 332 1518 multa
355 1458 392 1517 de
414 1456 472 1517 fide
494 1476 546 1519 sua
570 1467 600 1519 et
622 1457 745 1525 odio-in
767 1459 916 1519 Romanos
938 1466 1217 1528 commemorasset,
1250 1456 1303 1515 hoc
1361 1522 1362 1527 η

241 1541 383 1603 adiunxit.
425 1542 513 1602 Pater
534 1561 627 1614 meuc,
650 1543 757 1621 inquit,
780 1543 943 1613 Hamilcar,
966 1543 1090 1621 puerulo
1112 1561 1178 1613 me,
1205 1549 1301 1621 utpote

171 1633 176 1645 '
241 1644 302 1687 non
324 1626 451 1705 amplius
474 1645 538 1687 nnn
562 1645 656 1688 annos
678 1637 764 1707 pato,
793 1628 824 1689 in
847 1627 1020 1706 Hispaniam
1051 1628 1215 1706 imperator
1237 1643 1301 1705 pro·
1361 1652 1362 1659 ι

240 1710 379 1772 ficiscens
402 1711 578 1789 Carthagine
606 1711 667 1773 lori
697 1713 809 1790 optimo
837 1713 965 1773 marimo
995 1712 1110 1772 hostias
1132 1711 1301 1771 immolarit.

198 1801 217 1857 4
241 1796 324 1868 Quae
346 1795 444 1856 divina
466 1814 515 1857 res
538 1796 608 1856 dum
629 1797 852 1868 conficiebatur,
886 1797 1033 1875 quaesivit
1054 1816 1069 1856 a
1091 1815 1140 1856 me
1161 1796 1300 1859 vellemne

240 1899 342 1942 secum
365 1880 402 1944 in.
418 1888 513 1941 castra
536 1882 698 1960 proficisci.
743 1883 775 1943 ld
800 1899 866 1943 curn
894 1882 1021 1942 libenter
1039 1882 1234 1959 ,accepissem
1263 1887 1299 1940 at-

240 1984 298 2045 que
327 1965 364 2026 ab
392 1984 427 2025 eo
455 1974 563 2044 petere
586 1966 754 2045 coepissem
781 1985 818 2026 ne
846 1966 993 2027 dubitaret
1016 1966 1139 2036 ducere,
1157 1961 1232 2026 tum
1256 1964 1301 2025 ille

203 2092 206 2105 -
238 2050 370 2121 Faciam,
399 2049 505 2129 inquit,
528 2050 553 2111 si
576 2051 649 2111 mihi
666 2052 760 2135 ¹tidem
784 2069 871 2129 quam
894 2051 1013 2130 postulo
1036 2051 1166 2111 dederis.
1210 2048 1300 2111 Simul

238 2154 286 2196 me
309 2135 345 2196 ad
368 2153 448 2196 aram
476 2136 598 2196 adduxit
625 2136 703 2215 apud
732 2154 818 2215 quam
844 2135 1012 2197 sacrificare
1034 2136 1206 2196 instituerat
1227 2152 1300 2195 earn·

239 2240 297 2299 que
320 2220 427 2280 ceteris
449 2220 571 2280 remotis
594 2229 743 2282 tenentem
769 2221 867 2282 iurare
895 2221 984 2284 iussit
1011 2231 1171 2317 [numquam
1199 2239 1248 2281 me
1272 2219 1298 2278 in

273 2363 300 2423 2.
324 2370 345 2418 l.
367 2367 405 2417 lla
418 2368 472 2418 hier
483 2369 746 2442 dasVorhcrgchende
831 2373 853 2422 2.
875 2386 898 2420 a.
910 2387 932 2419 u.
943 2372 999 2429 562,
1010 2388 1033 2420 r.
1045 2370 1089 2421 Ch.
1101 2371 1156 2422 192.
1194 2369 1242 2419 Die
1259 2366 1300 2418 lol-

238 2435 378 2497 hepritndet
395 2437 497 2486 worded
515 2437 574 2495 soll,
602 2454 634 2487 uo
652 2445 745 2487 musste
797 2434 1037 2502 gende'llrzaihlung
1062 2438 1158 2488 schciut
1176 2445 1243 2487 trotz
1260 2437 1299 2486 der

239 2503 285 2554 der
302 2503 362 2553 Sota
380 2510 470 2558 hooc-·
485 2509 565 2557 llolioe
591 2505 639 2554 den
664 2503 746 2555 Nach·
796 2507 997 2556 annuliihrenden
1023 2506 1226 2569 Abweichungen
1259 2519 1298 2555 aus

238 2579 293 2621 netz
320 2571 403 2621 hildeu
426 2574 474 2622 und
497 2578 684 2640 omnium-[aiil
708 2573 745 2623 uls
796 2574 883 2641 Polyb.
893 2573 974 2626 lll.1l
995 2583 1158 2624 entnommen.

237 2638 380 2690 Ncbcuuulz
391 2640 680 2703 eingeschobenworuen
690 2640 744 2701 llo·
830 2647 954 2710 darentque
966 2672 987 2678 -
999 2648 1091 2694 sentire.
1114 2642 1178 2692 Dess
1197 2641 1238 2691 die
1255 2639 1298 2690 Ge·

237 2713 350 2779 tiochum,
381 2715 420 2775 qui
438 2728 586 2762 omn-reo
602 2714 653 2776 snit,
682 2719 746 2761 tonte
796 2711 900 2759 saudten
925 2711 1010 2760 diesen
1027 2711 1135 2773 Antirag
1159 2712 1243 2759 hatten
1258 2709 1298 2757 hc·

238 2791 261 2825 u.
272 2778 354 2837 e.w.).
382 2776 450 2826 hher
467 2792 506 2826 nm
524 2776 565 2826 dic
584 2776 747 2839 Sulzhildung
795 2778 954 2827 richtetanch
962 2777 1148 2828 JuslinXXXl.
1158 2781 1181 2835 4,
1193 2781 1223 2834 4;
1242 2776 1296 2826 nach

238 2860 268 2893 zu
286 2844 461 2895 verciniachen
489 2845 538 2894 und
562 2845 602 2894 die
620 2844 746 2907 Wichtig·
796 2845 915 2912 Polybo.
926 2862 947 2896 a.
959 2847 988 2896 0.
1020 2849 1105 2896 thateu
1134 2846 1171 2895 sie
1204 2861 1232 2895 es
1257 2858 1296 2894 uus

238 2910 290 2961 kaie
309 2913 352 2961 des
368 2912 504 2962 ,Antiochus
522 2912 592 2961 mehr
613 2914 746 2961 hervorzu-
795 2913 891 2975 eignem
910 2914 1021 2965 Autrieh.
1048 2912 1117 2964 Noch
1136 2914 1227 2963 enders
1245 2912 1295 2963 Liv.

238 2979 329 3037 beben,
364 2980 419 3029 sind
451 2982 513 3030 ohne
544 2980 678 3030 liriclsieht
703 2981 750 3029 aul
795 2981 904 3033 XXXV.
916 2985 947 3034 14
973 2987 1052 3034 Villius
1077 2987 1140 3034 dedit
1164 3001 1253 3049 operum
1274 2987 1298 3035 nl.

237 3064 290 3099 nrm
305 3060 350 3097 aue
368 3047 424 3096 dem
441 3046 513 3097 einen
528 3048 603 3098 Setze
622 3048 687 3097 zwei
704 3064 746 3111 ge·
796 3069 846 3102 cunr
870 3051 996 3102 Hdunihole
1028 3052 1095 3116 coepe
1121 3055 1297 3114 conprederelur,

236 3115 327 3165 machi.
363 3114 423 3164 Dice
441 3115 474 3165 ist
498 3115 522 3164 in
542 3116 618 3179 jeder
636 3116 745 3182 Sprache
795 3128 819 3169 nl
837 3125 938 3191 animem
960 3123 1009 3169 eius
1033 3129 1053 3169 et
1075 3128 1185 3180 tentaret,
1213 3123 1233 3169 ιι·
1254 3134 1296 3182 quo

237 3182 328 3243 hhullp.
794 3195 878 3251 posset,
899 3196 919 3237 el
936 3189 1296 3251 melumdciuerelperieulipuic-

271 3254 387 3316 Philippus
410 3248 443 3298 ist
468 3250 514 3299 der
532 3252 587 3307 bie,
613 3249 675 3300 lion.
695 3267 743 3301 von
795 3271 863 3319 quum
881 3258 901 3304 ei
919 3259 946 3305 ob
965 3257 1070 3305 llomonis
1088 3272 1145 3304 esse.
1172 3257 1214 3305 His
1232 3255 1297 3304 collo·

237 3316 399 3369 Macedonico
417 3318 645 3377 tto-lmen,
665 3324 745 3371 Antio·
795 3320 856 3387 poili
880 3322 945 3372 eliud
971 3326 1061 3388 quidem
1085 3331 1169 3395 octoni,
1181 3324 1243 3372 nihil
1258 3327 1294 3381 eal,

238 3389 293 3439 chuc
311 3384 357 3434 der
373 3384 474 3443 Gnosso,
505 3385 567 3436 lirin.
587 3402 634 3435 von
654 3386 745 3453 Syrien
795 3397 895 3439 seculum
913 3398 987 3440 tannen
1004 3408 1047 3440 suo
1070 3398 1149 3454 spome
1173 3399 1213 3449 est,
1242 3390 1295 3439 neltll

237 3454 369 3505 tto-187
378 3469 402 3502 v.
414 3454 458 3503 Ch.
501 3455 554 3504 Aul
581 3454 654 3505 bcidc
685 3455 744 3504 sohte
795 3458 891 3506 consilio
907 3461 1002 3521 petitum
1019 3465 1085 3517 ercet,
1105 3466 1130 3507 ul
1147 3460 1255 3507 uiliorob
1273 3472 1296 3504 eo

237 3521 316 3573 Hrun.
342 3521 405 3572 ohne
428 3520 533 3572 Zweilel
557 3537 660 3585 grossen
684 3522 744 3571 Ein-
792 3527 841 3587 repi
864 3526 980 3577 Hannibal
1008 3528 1135 3591 suspectior
1166 3529 1196 3575 od
1226 3526 1295 3575 omnio

237 3590 302 3645 brias,
324 3590 386 3639 doch
405 3588 471 3640 nicht
481 3590 553 3640 einen
567 3590 673 3640 colchen‘
684 3590 743 3640 dass
794 3601 858 3642 esset.

237 3673 266 3708 cr
283 3658 319 3707 sie
338 3673 392 3708 zuen
404 3657 482 3721 lirlcg
499 3674 578 3722 pogen
597 3658 638 3707 die
652 3658 744 3707 Homer
827 3668 941 3725 temperem
965 3664 993 3710 ob
1016 3664 1074 3724 ipsis
1098 3668 1228 3724 corruptum
1251 3658 1296 3717 (=

236 3726 304 3776 bitte
321 3726 442 3789 bewegen
459 3727 564 3776 konnen.
591 3726 682 3776 Diescn
700 3726 744 3775 he·
793 3741 864 3791 quern
882 3726 914 3775 ab
932 3726 977 3793 ips.
998 3741 1063 3775 corr.
1089 3725 1244 3783 simularent)
1264 3722 1294 3772 ist

236 3794 343 3844 wirlteu
368 3794 408 3844 die
426 3794 611 3851 Verhiltnisse,
641 3794 681 3843 die
699 3810 743 3843 un·
791 3793 884 3843 Zuentz
901 3810 932 3843 zu
950 3798 1100 3846 Hannibalem
1123 3794 1171 3842 und
1196 3808 1242 3842 nur
1258 3790 1294 3840 die

236 3861 393 3912 mittelharen
422 3864 536 3925 Aureper
566 3861 629 3912 aber
655 3878 742 3911 wama
793 3861 886 3911 Worle
914 3866 1101 3913 olio-senlire
1126 3862 1222 3924 bingen
1248 3873 1293 3908 ron

236 3928 276 3979 hei
295 3928 389 3995 Philipp
407 3928 548 3980 Demetrius
570 3945 619 3979 von
636 3930 738 3988 Pharos,
792 3934 944 3995 suspicionem
960 3929 1000 3978 ab.
1031 3929 1124 3978 Besser
1139 3932 1210 3979 wire
1223 3929 1295 3992 jener

237 3996 277 4047 hel
302 3997 435 4047 Antiochus
458 3998 499 4048 die
522 3997 625 4047 Aotuler
641 3997 739 4064 (Polyb.
791 3996 885 4046 Zusatz
902 4013 933 4046 zu
950 4001 1100 4049 Hannibalem
1116 3996 1217 4063 metelli
1236 3994 1295 4045 oder

236 4061 278 4115 111.
289 4066 313 4116 l.
323 4067 361 4116 11.
372 4064 402 4115 l'.
414 4068 469 4117 llll.
481 4068 536 4117 tos.
548 4068 604 4126 108)
792 4063 817 4114 in
835 4064 919 4116 dieser
936 4064 1051 4128 Stellung
1066 4075 1181 4134 mquam
1198 4077 1294 4126 wegge-
