2742 4766
677 330 689 365 l

474 450 533 504 XV.
553 450 801 503 EPAMINONDAS.
822 454 845 505 3.
907 457 911 467 ’
1157 445 1226 509 101·

97 603 233 682 intellegi
255 610 360 682 posset
381 603 447 682 pari
469 603 560 665 modo
582 613 793 682 superaturum
816 624 921 667 omnes
943 608 974 668 in
998 609 1107 672 ceteris
1128 630 1176 674 ar-

99 688 191 751 tibus.
235 689 331 766 Atque
361 688 435 749 haec
463 688 499 749 ad
517 696 664 752 nostram
687 690 935 752 consuetudinem
958 702 1028 754 snut
1050 693 1125 756 levia
1147 707 1178 759 et
1201 702 1218 759 3

59 808 65 815 -
98 773 201 853 potius
225 773 458 845 contemnenda3
481 783 511 833 at
526 772 557 832 in
574 773 707 844 Graecia,
730 773 835 853 utique
851 773 931 846 olim,
954 795 1080 853 magnae
1095 779 1175 842 laudi

98 865 193 921 erant.
237 857 401 936 Postquam
423 856 558 935 ephebus
580 867 627 918 est
648 858 745 918 lactus
768 868 799 919 et
820 859 987 938 palaestrae
1010 861 1176 943 dareope·
1199 872 1219 927 4

96 961 164 1005 ram
187 941 296 1019 coepit,
319 961 379 1003 non
402 948 461 1001 tam
486 940 684 1018 magnitudini
708 941 815 1003 virium
838 943 960 1013 servivit
983 963 1070 1024 quam
1094 949 1176 1009 velo-

98 1026 193 1087 citati.
237 1025 321 1086 lllam
351 1025 432 1086 euim
462 1027 498 1101 ad
527 1025 704 1089 athletarum
734 1045 830 1099 usum,
860 1028 939 1089 hanc
961 1030 998 1089 ad
1021 1029 1093 1091 belli
1115 1033 1177 1102 exi·

4 1126 5 1129 ’
97 1110 241 1181 stimahat
268 1109 427 1171 utilitatem
454 1110 617 1188 pertinere.
661 1111 764 1189 ltaque
792 1112 985 1173 exercebatur
1015 1114 1218 1193 plurimumh

97 1194 247 1257 currendo
278 1202 307 1255 et
334 1194 475 1256 luctando
505 1194 541 1254 ad
571 1213 639 1256 eum
667 1196 756 1257 finem
786 1197 884 1276 quoad
911 1206 994 1258 stans
1016 1188 1176 1278 complecti

95 1287 204 1359 posset
237 1289 326 1358 atque
362 1278 553 1340 contendere.
608 1279 642 1338 ln
677 1280 768 1339 armis
797 1299 867 1341 vero
895 1282 1056 1360 plurimum
1085 1286 1177 1347 studii

98 1363 307 1426 consumebat.
1022 1372 1024 1379 “

183 1448 227 1508 bd
256 1447 332 1508 hanc
365 1445 502 1525 corporis
531 1446 701 1507 firmitatem
729 1448 814 1527 plura
850 1449 938 1510 etiam
974 1450 1065 1512 animi
1095 1448 1217 1521 bouad

95 1540 299 1594 accesserant.
343 1531 415 1591 Erat
436 1530 515 1591 enim
538 1531 709 1600 modestus,
737 1532 888 1611 prudeus,
916 1534 1029 1610 gravis,
1060 1548 1174 1615 tempo·

93 1616 184 1678 ribus
206 1615 359 1694 sapienter
381 1622 485 1687 utens;
508 1616 623 1694 peritus
646 1616 726 1687 belli,
751 1616 837 1678 fortis
860 1636 963 1690 manu,
988 1618 1089 1679 animo
1113 1640 1174 1682 ma-

92 1700 197 1772 xim03
227 1700 302 1760 adeo
323 1699 457 1761 veritatis
481 1693 609 1778 dilige'ns
631 1713 663 1760 ut
685 1719 722 1760 ne
746 1701 813 1761 ioco
838 1702 958 1780 quidem
987 1704 1175 1767 mentiretur.

93 1785 179 1846 Idem
204 1784 372 1855 continens,
395 1782 527 1846 clemens
549 1785 958 1864 patiensqueadmirandum
985 1787 1017 1848 in
1042 1790 1173 1860 modum,
1197 1793 1216 1850 2

87 1887 158 1929 non
184 1867 281 1929 solum
309 1868 413 1947 populi
442 1869 495 1929 sed
530 1871 619 1930 etiam
648 1871 812 1933 amicorum
842 1872 942 1931 lerens
972 1871 1113 1946 iniurias3
1143 1874 1174 1934 in

94 1951 203 2031 primis
227 1953 388 2013 commissa
411 1952 528 2024 celans,
558 1954 638 2031 quod
666 1954 816 2014 interdum
846 1974 906 2015 non
929 1955 1028 2015 minus
1051 1958 1176 2035 prodest

96 2055 186 2115 qoam
209 2036 320 2097 diserte
344 2036 461 2110 dicere3
485 2038 638 2101 studiosus
661 2038 817 2098 audiendi:
850 2058 885 2098 ex
907 2039 965 2098 hoo
988 2039 1067 2101 enim
1091 2041 1174 2101 iacil-

93 2121 167 2182 lime
190 2120 267 2181 disci
289 2121 499 2189 arbitrabatur.
544 2122 647 2199 ltaque
671 2138 736 2181 cum
760 2121 791 2181 in
816 2122 959 2182 circulum
988 2122 1120 2184 venisset
1141 2124 1173 2185 in
1196 2129 1214 2187 3

4 2242 5 2245 =
95 2224 157 2284 quo
180 2213 229 2266 aut
252 2205 289 2265 de
320 2204 473 2284 republica
502 2205 706 2283 disputaretur
728 2214 779 2267 aut
800 2206 837 2266 de
859 2205 1052 2285 philosophia
1075 2226 1174 2270 sermo
1217 2274 1225 2291 s

4 2314 6 2317 ’
93 2288 266 2371 haberetur,
290 2308 451 2368 numquam
475 2289 544 2349 inde
567 2290 651 2369 prius
675 2290 816 2351 discessit
839 2309 926 2370 quam
949 2291 1093 2352 adfinem
1110 2311 1173 2353 ser·

129 2493 373 2555 pauper-relictus:
401 2488 446 2539 ‘als
471 2484 511 2538 ein
535 2491 611 2539 sehon
663 2489 761 2539 dnnken
783 2491 833 2541 wir
849 2489 881 2541 N.
903 2490 985 2540 allein:
1016 2490 1174 2543 Plut.Pel.4

73 2578 76 2586 .
94 2573 146 2606 von
163 2557 212 2606 den
228 2556 372 2607 Vorfahren
389 2557 535 2607 herArmer
552 2560 610 2619 (von
661 2566 718 2620 sagt
734 2557 868 2625 Pelopidas
886 2558 949 2607 habe
973 2560 1043 2607 mehr
1059 2559 1174 2621 Vergob-

93 2624 302 2687 seinenAeltern)
311 2624 536 2687 zurichgelassen'.
545 2625 606 2676 Sall.
661 2640 709 2688 gen
733 2641 764 2676 un
787 2625 968 2691 kdrpcrliohen
998 2624 1044 2690 Ep.
1066 2640 1098 2674 sn
1121 2626 1174 2687 gei·

94 2690 149 2754 lug.
160 2694 193 2743 14
209 2710 244 2743 me
267 2697 315 2743 iem
338 2697 366 2743 ah
394 2698 464 2758 stirpe
482 2699 570 2745 socium
588 2703 609 2744 et
660 2693 742 2756 stigen
760 2693 895 2755 Uehungen
914 2692 1046 2755 gelunden.

95 2764 194 2811 amicum
211 2763 292 2824 populi
309 2763 410 2810 Romani.
694 2766 724 2812 od
735 2779 785 2811 eum
794 2766 860 2824 finem
871 2764 964 2838 quood:
986 2759 1085 2808 ‘sowcit
1097 2759 1171 2809 dass'.

129 2830 267 2878 citharizare
292 2826 354 2874 nach
379 2826 434 2875 dem
457 2825 550 2887 griech.
571 2842 609 2876 κι-
660 2828 756 2883 ausser
779 2827 835 2875 dem
853 2826 950 2889 ngen
974 2825 1007 2875 im
1026 2825 1104 2876 Stehn
1125 2826 1173 2889 gab

92 2890 221 2960 θαρίζειν
238 2891 349 2954 gehildet
366 2892 444 2942 findet
460 2893 512 2942 sich
530 2893 554 2943 h.
573 2892 606 2944 N.
659 2910 687 2944 es
706 2894 747 2942 ein
759 2894 871 2947 anderes
888 2894 922 2943 im
939 2893 1044 2957 Liegco.

94 2960 181 3011 ollein.
694 2955 722 3017 3·
745 2964 767 3012 l.
787 2965 822 3013 Ad
840 2966 1027 3014 huuc-occesa.
1051 2960 1173 3012 llerselhe

130 3037 152 3080 et
170 3036 324 3079 cantare-c
341 3031 451 3091 Dionysio
479 3043 502 3077 ιι.
523 3032 610 3081 saltare
659 3029 809 3091 Uehergaog
826 3028 949 3087 Timoli,
962 3032 984 3080 1.

94 3115 110 3148 o
131 3098 243 3161 dnlliphr.
285 3094 346 3144 Dies
373 3094 499 3145 herichtet
524 3093 617 3162 Nepos,
694 3096 750 3147 Von
768 3097 813 3145 des
830 3096 877 3163 Ep.
895 3095 1113 3149 Wnbrbeitsliehe
1130 3096 1174 3155 her

95 3162 181 3213 ullein.
202 3191 233 3199 -
253 3168 280 3214 uh
300 3166 470 3228 Olympiodoro.
488 3163 543 3212 Und
561 3163 608 3212 (lr-
658 3164 751 3215 ricbtet
768 3162 853 3231 Nepos
871 3164 955 3214 allein.

94 3231 215 3292 thagoras
225 3230 287 3279 nach
297 3229 463 3280 Aristoxenus
477 3230 501 3280 h.
514 3232 604 3281 Athen.
694 3233 718 3283 2.
738 3237 852 3298 inprimis
861 3260 890 3287 -.
899 3237 984 3285 celans.
1003 3231 1073 3282 Auen
1087 3230 1173 3280 diesen

94 3296 236 3349 wasto.
658 3298 714 3361 Zug
737 3299 790 3361 giht
807 3297 892 3366 Nepos
915 3299 1005 3352 ollein.
1033 3299 1087 3361 mgr
1111 3297 1174 3348 uber

90 3404 96 3417 .
130 3367 154 3416 2.
176 3383 249 3431 neque
266 3380 363 3415 u.s.w.
400 3362 471 3415 Nach
489 3365 555 3416 Plut.
576 3366 607 3415 de
659 3368 801 3432 unpassend
818 3368 892 3417 hinnu
917 3367 975 3416 dass
994 3366 1063 3415 diese
1082 3365 1174 3428 Eigen·

94 3431 360 3497 gen.Socr.579.583
378 3431 439 3482 licss
457 3448 486 3482 er
501 3434 543 3483 ibn
562 3448 609 3496 ger
659 3434 741 3484 sobab
767 3435 804 3484 ost
826 3436 897 3484 mehr
921 3436 1001 3483 nitzo
1025 3433 1061 3483 als
1080 3432 1173 3482 Bered-

94 3500 164 3550 nicht
181 3499 244 3557 fort,
271 3500 379 3549 sondern
396 3499 472 3567 Lysis
495 3501 563 3550 lebte
582 3500 607 3550 in
659 3502 774 3551 samkeit.
796 3502 867 3552 Denn
886 3503 933 3551 der
950 3499 1049 3551 Nutzen
1066 3499 1100 3548 ist
1118 3499 1174 3548 hier

82 3568 140 3635 ,des
157 3567 204 3633 Ep.
225 3566 308 3617 Hense
326 3567 365 3617 his
383 3584 414 3617 zu
432 3569 525 3618 scinem
536 3566 607 3619 Tode
659 3570 715 3619 eine
744 3583 791 3632 gor
817 3569 885 3618 nicht
911 3568 936 3618 in
959 3566 1080 3616 Betracht
1105 3566 1173 3614 kom-

93 3635 152 3685 und·
163 3635 235 3685 word
252 3635 278 3684 in
294 3634 398 3685 Theben
415 3635 550 3698 he'grnhen.
659 3637 748 3687 mende
767 3636 847 3687 Sacbe
871 3650 912 3684 wo
936 3648 964 3683 es
988 3632 1040 3681 sich
1058 3646 1098 3680 um
1116 3631 1173 3681 eine

129 3704 153 3754 3.
176 3702 308 3761 S.zul‚l.
659 3704 749 3753 Phicht
772 3702 882 3752 handelt.
913 3701 966 3750 Der
988 3698 1047 3749 Satn
1071 3702 1174 3764 qood-v·

128 3779 193 3822 ercut
211 3769 245 3819 ist
263 3770 287 3819 in
304 3768 381 3832 Eolge
400 3769 444 3819 des
462 3770 608 3832 eingescho·
659 3776 744 3823 diserte
769 3773 844 3821 dicere
867 3770 936 3818 bitte
960 3781 1016 3816 zum
1039 3764 1174 3828 folgenden

92 3835 175 3889 leenen
193 3843 228 3889 uti
244 3856 273 3889 ce
297 3841 352 3888 olim
376 3843 481 3899 gesetzt.
520 3835 608 3887 Geuau
660 3843 779 3891 studiosus
798 3839 909 3888 oodieudi
928 3840 1037 3900 gcpnsst.

93 3904 170 3955 sollte
188 3919 216 3955 es
230 3856 333 3954 lecissen
357 3909 382 3954 iu
401 3908 495 3956 Graecia
512 3923 608 3970 mappae
694 3907 717 3955 3.
730 3902 814 3952 'Diese
841 3903 934 3952 nabere
952 3900 1114 3963 Ausfdhruog
1130 3900 1175 3951 hot

94 3976 161 4024 leudi
179 3981 241 4031 suut,
258 3978 337 4038 utique
355 3975 411 4023 olim
432 3981 504 4023 erum.
658 3969 690 4022 N.
712 3969 795 4019 allein.

128 4042 153 4091 4.
175 4041 199 4091 5.
225 4038 276 4089 Das
304 4038 360 4088 hier
383 4037 527 4088 Berichtete
543 4053 608 4089 uer·
692 4042 798 4091 venisset.
818 4036 844 4087 S.
855 4033 1018 4091 zublc.l‚3.
