2742 4766
452 439 534 493 xvu.
553 439 746 492 AGESILAUS.
767 445 791 495 6.
1126 433 1187 497 119

73 594 150 654 iutra
171 591 290 653 moenia
313 592 511 670 compulisset
531 601 561 654 et
582 603 615 653 ut
642 594 818 654 Corinthum
845 608 1033 676 oppugnaret
1061 599 1145 660 multi
1198 610 1202 619 ¹
1228 600 1232 604 '

73 678 270 749 hortarentur,
294 676 412 754 negavit
432 676 463 736 id
486 696 558 739 suae
580 677 681 738 virtuti
705 678 883 741 convenire:
914 700 947 741 se
970 682 1147 745 enimcum
1191 738 1194 741 .

74 780 140 823 esse
163 759 236 821 dixit
258 760 309 838 qui
332 762 369 821 ad
392 761 524 822 officium
547 761 703 841 peccantis
725 763 825 824 redire
848 774 978 841 cogeret,
1011 784 1072 826 non
1095 768 1146 845 qui

73 845 162 908 urhes
185 845 390 923 nobilissimas
412 854 594 925 expugnaret
608 846 761 908 Graeciae.
804 848 879 909 Nam
902 849 938 921 si,
962 849 1069 927 inquit,
1094 859 1188 914 eost

73 930 262 1006 exstinguere
283 929 465 991 voluerimus
494 930 544 1009 qui
574 916 732 992 nobiscum
755 931 898 992 adversus
920 930 1065 994 barbaros
1087 929 1146 996 ste-
1206 972 1208 975 .

36 1084 43 1089 .
73 1021 188 1086 terunt,
217 1025 337 1076 nosmet
364 1013 424 1094 ipsi
451 1033 509 1074 nos
536 1015 804 1094 expugnaverimus
827 1016 887 1077 illis
910 1018 1160 1095 quiescentibus„

73 1099 138 1171 Quo
161 1099 240 1159 lacto
263 1098 329 1158 sine
352 1099 483 1176 negotio,
506 1117 575 1159 curn
595 1098 753 1172 noluerint,
777 1118 832 1160 nos
855 1102 1038 1180 oppriment.

155 1183 280 1244 lnterim
302 1183 412 1243 accidit
439 1182 489 1243 illa
512 1184 665 1244 calamitas
693 1183 771 1262 apud
793 1184 921 1246 Leuctra
943 1186 1145 1249 Lacedaemo·
1168 1183 1190 1252 d

70 1267 141 1330 niis
186 1267 253 1339 Quo
276 1285 314 1326 ne
335 1267 588 1345 proficisceretur,
617 1287 685 1329 curn
708 1286 723 1329 a
748 1268 899 1347 plerisque
922 1270 1149 1335 adcxeuudum

70 1362 266 1431 premeretur,
289 1358 321 1411 ut
343 1352 369 1411 si
391 1352 428 1412 de
445 1352 524 1413 exitu
540 1351 695 1425 divinaret,
713 1354 798 1413 'exire
813 1353 919 1415 noluit.
962 1354 1056 1427 idem,
1079 1373 1149 1416 cum

9 1474 11 1477 .
68 1435 295 1515 Epaminondas
317 1437 455 1514 Spartam
478 1444 666 1515 oppugnaret
688 1445 828 1514 essetque
851 1438 916 1499 siue
942 1438 1036 1499 muris
1059 1439 1146 1517 oppi-

71 1520 152 1592 dum,
168 1519 264 1580 talem
288 1537 320 1579 se
342 1520 553 1599 imperatorem
574 1520 712 1600 praebuit
733 1529 766 1581 ut
787 1540 823 1581 eo
846 1529 981 1601 tempore
1008 1523 1175 1596 omnihus'

9 1602 11 1607 ’
49 1605 258 1683 apparuerit,
293 1604 353 1664 nisi
382 1604 432 1665 ille
460 1604 581 1677 luisset,
614 1605 752 1682 Spartam
788 1606 916 1682 loturam
951 1626 1011 1667 non
1042 1607 1146 1668 luisse.

69 1688 104 1748 ln
129 1707 187 1765 quo
218 1687 337 1766 quidem
367 1688 540 1749 discrimine
570 1689 707 1750 celeritas
737 1689 803 1750 cius
830 1690 949 1750 consilii
981 1691 1068 1752 saluti
1091 1691 1188 1752 fuito
1227 1696 1235 1709 '

9 1805 38 1835 .·
71 1771 231 1833 universis.
274 1772 349 1832 Nam
377 1791 444 1833 cum
474 1773 594 1852 quidam
624 1773 839 1835 adolescentuli
864 1775 996 1835 hostium
1019 1775 1148 1836 adventu

71 1856 223 1935 perterriti
258 1857 294 1915 ad
310 1857 485 1934 ‚thehanos
515 1859 703 1935 transfugere
737 1857 848 1919 vellent
880 1862 914 1918 et
936 1859 1036 1919 locum
1065 1867 1146 1919 extra

69 1941 174 2001 urbem
198 1940 309 2001 editum
329 1942 490 2019 cepissent,
514 1942 678 2019 Agesilaus,
703 1942 753 2020 qui
776 1942 1067 2020 perniciosissimum
1083 1944 1148 2004 loro

9 2030 10 2037 ’
68 2022 186 2086 videret
207 2025 233 2085 si
256 2024 494 2086 animadversum
518 2024 599 2086 esset
627 2043 804 2104 quemqnam
834 2026 870 2085 ad
897 2025 994 2086 hostis
1017 2028 1147 2087 translu-

71 2127 140 2186 gere
164 2109 277 2173 conari.
300 2128 368 2169 cum
392 2111 455 2170 suis
478 2129 513 2170 eo
536 2109 617 2171 venit
639 2119 743 2187 atquc,
773 2119 806 2169 ut
828 2109 853 2168 si
876 2109 957 2169 hono
981 2108 1080 2171 animo
1103 2110 1147 2170 le-

9 2248 11 2255 .
73 2195 195 2266 cissent,
218 2193 350 2254 laudavit
372 2193 531 2254 consilium
554 2211 660 2255 eorum
682 2193 761 2271 quod
785 2212 853 2253 eum
877 2194 977 2254 locum
1000 2211 1147 2272 occupas-

71 2286 146 2350 sent,
170 2285 254 2338 etse
277 2277 308 2336 id
332 2296 451 2359 quoque
474 2278 539 2337 fieri
561 2277 671 2339 dehere
694 2277 949 2361 animadvertisse.
1000 2279 1052 2339 Sic
1073 2278 1146 2355 ado·
1171 2282 1188 2338 3

71 2479 94 2535 l,
104 2480 129 2529 6.
139 2477 244 2526 erzdhlt.
282 2476 318 2526 lst
335 2477 470 2534 sic'wahr,
492 2492 521 2526 so
539 2477 583 2527 hat
629 2483 706 2533 setzt
729 2477 761 2525 da
778 2476 855 2535 sehon
868 2476 984 2526 zweimal
996 2482 1059 2529 ecire
1070 2477 1144 2526 steht.

71 2545 116 2607 Ag.
137 2545 191 2594 sich
215 2551 277 2594 statt
300 2544 369 2593 scine
393 2544 514 2594 Uomacht
530 2545 582 2593 ein·
634 2543 659 2593 S.
673 2560 703 2593 zu
711 2542 769 2593 Dat.
780 2547 802 2601 5,
813 2546 837 2595 6.

72 2613 208 2675 zugestehn
230 2611 276 2660 mit
299 2611 379 2660 einem
401 2612 582 2662 unverdienten
667 2615 729 2663 ldem
746 2626 845 2660 u.s.·w.
879 2609 917 2659 Ol.
930 2611 984 2666 102,
997 2610 1097 2659 3=370
1116 2623 1147 2658 zu

71 2678 272 2743 Heiligenschein
290 2678 419 2741 umgeheo.
633 2677 712 2727 Euda.
737 2677 1007 2742 Vgl.zuEp.8‚2—h.

669 2746 693 2794 2.
715 2747 738 2797 3.
756 2744 828 2793 *Dies
845 2744 911 2793 wird
931 2744 992 2792 anch
1011 2758 1061 2791 von
1078 2742 1145 2792 Plut.

103 2784 128 2832 4.
149 2799 192 2832 nos
211 2784 423 2859 ecpuppcverimor.
446 2782 583 2845 Ecpapaare
634 2812 724 2872 apat
749 2828 772 2860 u·
799 2808 1056 2876 polypnsrrategdl.
1070 2812 1091 2867 1,
1105 2812 1143 2872 14,

70 2864 117 2898 von
135 2848 263 2898 Persooen
286 2853 320 2894 ist
343 2862 368 2894 rn
392 2846 487 2895 alterer
504 2846 584 2895 Prosa

71 2914 232 2965 narseten:
246 2912 579 2971 coaetaneorum,
611 2878 697 2994 ffl
715 2875 1038 3008 Qdffssmfflpeffffi
1059 2877 1148 2994 {iffi
1182 2913 1184 2918 ¹

72 2985 84 3033 1
103 2984 582 3059 stipendiorllrulloeduorumaapopnotis.
635 3012 742 3063 sclam
756 2983 831 3074 'mach
849 3012 988 3075 pol'.ganz
1006 3010 1092 3075 aneia)
1116 3027 1148 3061 an

58 3047 412 3100 ‘⁰⁰st⁰rbe¹L¹V¹u⁸²XXV'
423 3049 463 3105 28’
474 3050 583 3100 '‘mm“
635 3081 683 3129 den
702 3080 781 3142 Hiigel
800 3080 849 3128 und
866 3081 920 3129 rief
934 3080 971 3129 sia
993 3080 1080 3130 hdtten
1098 3079 1148 3129 sei·

70 3122 254 3237 ssglesstfflw
264 3126 430 3196 mpuwarefm
447 3113 580 3167 XXXVH'
635 3147 777 3196 nenBelehl
787 3148 1013 3200 nrissverstanden:
1035 3147 1071 3196 sie
1090 3145 1149 3196 ooll-

104 3225 109 3243 ‚
187 3202 283 3250 toppum
300 3193 321 3235 et
339 3186 415 3235 Nalm
432 3192 582 3249 ocpopnotcs,

311 3256 316 3266 .
391 3256 396 3264 .
634 3222 677 3264 ten
695 3215 814 3277 'gethellt
841 3215 906 3265 zwei
932 3215 1026 3264 andere
1052 3213 1148 3265 Stellen

70 3250 194 3302 XXXIX.
205 3253 256 3309 2‚3
276 3261 408 3318 parcoatras
422 3269 446 3302 se
465 3259 584 3302 tenuerant
633 3282 753 3332 hesetzen
798 3283 845 3332 Die
875 3282 954 3332 Lente
984 3283 1136 3345 gehomhoen
1230 3277 1235 3287 ·

72 3325 216 3373 circumsessi
234 3324 358 3385 ecpupaati
376 3328 436 3370 sant.
755 3320 760 3332 '
1137 3321 1143 3341 ¹

634 3351 680 3412 Ag.
707 3350 767 3400 liess
788 3352 867 3415 jenen
892 3350 972 3413 Hdgcl
997 3351 1074 3399 durch
1097 3350 1147 3398 An·

103 3417 132 3475 6.
156 3423 178 3471 1.
201 3416 239 3470 0'1.
251 3421 307 3477 102,
319 3420 428 3470 2=3tt
635 3418 695 3468 dere
712 3418 832 3469 hesetzeo
856 3419 906 3467 und
931 3419 975 3467 des
993 3417 1088 3467 Nachts
1106 3416 1147 3465 die

107 3494 196 3548 Quone
213 3503 311 3536 utsw.
337 3486 469 3536 ‘Umnioht
487 3485 583 3534 dahin
634 3485 817 3535 Ridelslu'hrer
849 3485 939 3548 langen
971 3485 1021 3533 ond
1048 3484 1144 3532 tddten.

72 3556 144 3606 ziehn
162 3573 194 3606 zu
211 3557 318 3611 meissen,
349 3553 435 3603 wollte
455 3568 484 3602 er
501 3552 584 3612 (tiber—
634 3553 679 3602 Bei
703 3553 734 3603 N.
762 3553 966 3619 widersprechen
994 3550 1034 3599 die
1052 3549 1146 3600 Worte

72 3623 157 3690 haupt)
175 3624 243 3672 nicht
261 3621 393 3671 ausziehn’.
416 3619 448 3671 N.
470 3621 513 3669 hat
530 3620 586 3669 hier
635 3631 701 3672 cacto
720 3639 812 3673 numero
838 3638 916 3672 eorum
933 3618 993 3683 (53)
1022 3617 1070 3664 den
1094 3615 1147 3666 ohi-

73 3691 160 3753 geirrt.
200 3690 427 3750 01.100,2=3to
452 3690 513 3737 nach
539 3689 585 3736 der
635 3703 690 3750 gen,
719 3685 817 3735 welche
835 3687 887 3735 sich
906 3700 954 3734 nur
977 3699 1005 3732 so
1030 3685 1147 3733 verstehn

74 3756 334 3821 Belreiung'l'heheos
352 3754 438 3804 wollte
449 3756 495 3817 Ag.
510 3755 586 3804 *nicht
634 3755 718 3804 lassen
736 3754 795 3802 dass
813 3753 862 3803 alle
885 3751 1048 3802 welchedeo
1066 3750 1162 3812 Hdgel.

73 3827 191 3876 aosziehu
209 3822 284 3889 (Xon.
297 3823 361 3872 Hell.
370 3822 401 3872 V.
411 3825 434 3881 l,
447 3825 499 3883 13);
516 3824 585 3886 jetzt
619 3822 764 3871 .hesctzteu
791 3836 821 3868 zu
841 3822 888 3869 den
905 3818 1055 3869 Thebanern
1073 3817 1147 3866 dher-

73 3895 161 3943 wurde
179 3909 209 3943 er
232 3893 308 3941 durch
327 3890 467 3939 Kraokheit
484 3890 584 3940 verhio-
635 3890 699 3951 gehn
733 3887 844 3936 wollten.
886 3886 923 3935 Er
956 3893 1049 3934 musste
1084 3890 1147 3938 caeti

75 3959 129 4013 don
156 3961 231 4024 (Xen.
241 3959 305 4009 Hell.
315 3958 347 4009 V.
358 3961 380 4015 4.
392 3960 432 4009 58.
444 3957 486 4008 vl.
496 3960 519 4015 t,
532 3959 581 4020 18).
635 3955 774 4005 schreihen.

74 4026 141 4079 Statt
158 4035 222 4082 exitu
244 4031 315 4081 wilre
338 4026 427 4076 hesser
444 4034 523 4077 evento
541 4041 584 4088 ge·
670 4026 693 4075 2.
714 4033 735 4079 et
753 4041 777 4075 se
793 4027 819 4088 id
837 4039 934 4089 quoque.
956 4018 993 4069 Zu
1010 4028 1032 4071 et
1049 4018 1083 4068 ist
1100 4031 1148 4067 aus

1082 4201 1100 4242 Ι
