2750 4768
483 424 796 495 xxv2nr'r1cussto.
882 421 920 498 e?

818 500 867 564 Ψ

91 584 297 646 moderatione
325 591 359 644 ut
385 599 482 661 neque
511 580 543 641 in
570 581 708 643 sestertio
735 581 828 643 vicies
856 582 935 661 quod
961 591 1083 663 epatre
1106 601 1155 644 ac·
1196 637 1213 669 e
1232 582 1265 635 tl

71 678 215 749 ,ceperat
235 685 340 748 parum
363 687 398 762 sq
419 665 574 746 splendide
596 666 724 743 gesserit
744 685 842 745 neque
863 667 894 727 in
925 668 1062 728 sestertio
1085 687 1154 730 cen·
1181 669 1194 690 ¹

89 755 150 816 ties
172 753 342 817 altluentius
370 751 476 833 vixerit
504 768 591 830 quam
618 751 785 813 instituerat
808 751 932 831 parique
954 751 1072 829 lastigie
1095 760 1155 813 ste·
1210 790 1214 799 ·

91 840 164 901 terit
184 838 214 898 in
236 846 359 915 utraque
381 837 508 897 fortuna.
551 835 655 896 Nullos
675 835 780 912 babuit
800 837 919 909 hortos,
951 835 1061 898 nullam
1085 834 1154 907 sub·
1178 840 1195 897 3

90 924 233 985 urbanam
256 930 307 983 aut
328 921 504 982 maritimam
527 930 730 999 sumptuosam
758 920 856 982 villam
883 940 980 1000 neque
1011 921 1041 981 in
1070 918 1154 981 ltalia

90 1017 210 1088 praeter
231 1006 399 1068 Arretinum
423 1015 453 1067 et
466 1005 682 1073 Nomentanum
698 1006 839 1070 rusticum
855 1005 1019 1084 praedium,
1042 1005 1154 1066 omnis·
1191 1032 1195 1035 ·
1276 1080 1282 1085 “

90 1111 151 1172 que
174 1093 238 1154 eius
260 1091 405 1171 pecuniae
427 1090 542 1151 reditus
566 1084 720 1151 constabat
741 1091 772 1151 in
793 1090 954 1170 Epiroticis
977 1099 1007 1151 et
1033 1089 1153 1151 urbanis

89 1177 344 1257 possessionibus.
388 1176 432 1241 Ex
454 1193 512 1253 quo
536 1175 677 1252 cognosci
698 1183 797 1255 potest
818 1195 904 1236 usum
926 1194 993 1237 eum
1010 1175 1154 1255 pecuniae

90 1281 151 1324 non
173 1258 377 1338 magnitudine
399 1260 452 1321 sed
475 1259 590 1320 ratione
612 1259 711 1321 metiri
733 1260 862 1321 solitum.
1047 1304 1051 1309 ι
1145 1320 1147 1327 ,

173 1346 358 1408 Mendacium
385 1363 481 1423 neque
510 1344 626 1405 dicebat
658 1363 755 1425 neque
787 1345 849 1425 pati
875 1352 1001 1427 poterat.
1049 1337 1195 1423 ltaque15

17 1472 19 1477 -
88 1431 154 1494 elus
183 1431 308 1493 comitas
334 1448 396 1490 non
426 1430 491 1489 sine
520 1429 675 1490 severitate
706 1438 768 1490 erat
798 1449 894 1509 neque
926 1428 1053 1506 gravitas
1088 1428 1153 1489 sinc

21 1594 26 1599 ἰ
89 1515 238 1589 facilitate,
261 1518 294 1576 ut
315 1514 437 1576 difficile
461 1522 541 1575 esset
562 1512 713 1574 intellectu
733 1522 831 1575 utrum
854 1534 921 1586 eum
943 1514 1029 1575 amici
1058 1514 1152 1591 magis

10 1654 11 1659 ,
87 1611 261 1663 vererentur
283 1618 318 1661 an
342 1607 484 1660 amarent.
538 1598 688 1677 Quidquid
717 1600 895 1675 rogabatur,
916 1598 1056 1676 religiose
1083 1617 1152 1677 pro·

88 1686 238 1758 mittebat,
258 1666 352 1763 ‘qood
375 1702 435 1744 nou
463 1682 594 1744 liberalis
623 1684 675 1744 sed
701 1684 774 1746 levis
801 1684 998 1745 arbitrabatur
1018 1682 1154 1762 polliceri

89 1770 169 1849 quod
197 1778 349 1848 praestare
379 1787 438 1830 non
469 1776 581 1846 posset.
630 1768 711 1829 Idem
740 1769 770 1829 in
799 1769 937 1842 nitendo,
971 1787 1037 1829 cum
1059 1767 1194 1829 seme12

87 1854 258 1928 annuisset,
288 1862 366 1914 tauta
396 1860 460 1914 erat
486 1872 555 1913 cura
582 1861 699 1914 utnon
721 1854 886 1915 mandatam
909 1855 960 1914 sed
984 1872 1067 1927 suam
1090 1871 1153 1913 rem
1189 1860 1193 1872 “

64 1940 237 2001 vvideretur
259 1957 356 2019 agere.
405 1939 570 2015 Numquam
600 1939 731 2016 suscepti
759 1939 871 2016 negotii
894 1957 961 1999 eum
982 1945 1151 2015 pertaesum

85 2035 149 2086 est:
180 2042 264 2084 suam
292 2024 372 2083 enim
400 2022 647 2082 existimationem
676 2023 706 2082 iu
735 2041 767 2083 ea
796 2042 828 2109 re
856 2023 900 2099 agi
930 2022 1064 2100 putabat,
1095 2039 1152 2101 qua
1234 2049 1236 2053 ⁷

10 2106 35 2123 ''
87 2109 162 2171 nihil
184 2108 313 2169 habebat
334 2107 441 2167 carius.
486 2106 551 2178 Quo
574 2106 663 2166 fiebat
692 2116 724 2166 ut
753 2107 851 2167 omnia
875 2106 1067 2180 Ciceronum,
1096 2106 1141 2166 Ca*
1175 2111 1192 2167 3

85 2193 176 2266 tonis
200 2192 249 2264 Q„
258 2191 419 2265 Hortensii,
442 2191 508 2250 nuli
531 2190 682 2269 Torquati,
710 2192 867 2252 multorum
890 2200 1044 2271 praeterea
1067 2190 1151 2270 equi-

87 2285 149 2338 tum
182 2277 384 2338 Romanorum
417 2275 535 2351 negotia
558 2284 740 2353 procuraret.
783 2276 827 2336 En
854 2295 912 2355 quo
942 2275 1066 2337 iudicari
1096 2294 1151 2356 po-

86 2370 164 2424 terat
188 2380 250 2422 non
286 2361 393 2422 inertia
417 2361 473 2431 sed¹
505 2360 768 2443 iudicio'lugisse
796 2362 978 2440 reipublicae
1008 2379 1150 2441 procura-

85 2448 211 2508 tionem.

120 2616 144 2666 3.
164 2614 229 2665 Dass
251 2604 348 2663 Attictls
378 2613 433 2690 qinc
462 2611 530 2663 Villa
552 2611 593 2660 bei
644 2574 816 2672 Gladiatoren:
834 2599 930 2663 melche
948 2628 977 2662 er
986 2613 1085 2688 eindbtq
1101 2613 1150 2663 und

84 2683 133 2732 der
156 2682 229 2733 Stadt
257 2683 326 2731 hatte
354 2696 447 2730 wissen
473 2680 522 2729 wir
548 2693 592 2729 aus
642 2680 814 2731 vermietlnete.

85 2750 138 2800 Cic.
157 2751 189 2799 ad
201 2752 253 2800 Att.
267 2748 373 2807 Xll.36,
385 2750 408 2800 2.
425 2749 499 2806 38,t.
515 2751 589 2805 4115.
676 2753 712 2803 Ee
730 2756 773 2815 qno
793 2766 816 2797 u.
827 2764 888 2798 sw.
925 2749 963 2798 Er
978 2748 1077 2801 bemass
1102 2749 1150 2798 den
1225 2764 1229 2767 ’

10 2842 12 2873 r
84 2817 148 2868 Wir
163 2819 263 2867 mdssen
280 2816 333 2866 also
352 2816 482 2866 entweder
502 2816 593 2865 anneh-
644 2815 775 2866 Gebrauch
802 2819 845 2866 des
870 2816 961 2867 Geldes
990 2817 1058 2865 nicht
1079 2812 1150 2866 ‘naclt
1208 2811 1231 2841 ³

10 2894 11 2905 ¹
83 2901 141 2936 men
160 2885 218 2934 dass
235 2883 265 2934 N.
288 2885 355 2933 nicht
377 2899 454 2946 sagen
478 2884 532 2933 will
549 2886 593 2933 At·
644 2884 690 2933 der
711 2884 800 2947 Mengc
825 2884 955 2934 desselben
979 2887 1016 2947 (so
1040 2886 1098 2935 dass
1121 2899 1151 2934 er
1238 2935 1240 2938 Α

10 2964 12 3015 ζ
84 2953 150 3002 tious
167 2953 230 3003 habe
248 2953 320 3002 keine
331 2952 397 3004 Villa
412 2952 452 3001 bei
464 2952 510 3001 der
520 2952 594 3003 Stadt
644 2953 730 3001 dorum
755 2953 942 3016 ribermdssigen
958 2952 1083 3003 Aufwand
1107 2968 1150 3015 ge-

83 3022 148 3070 oder
177 3036 216 3070 am
239 3021 321 3079 Meer,
354 3021 462 3070 sondern
481 3036 537 3069 ‘nur
564 3035 593 3069 er
642 3021 725 3070 macht
742 3022 820 3084 haittcl
844 3022 951 3071 sondern
977 3021 1038 3070 nach
1056 3020 1150 3071 Ueber-

10 3108 11 3127 ³
84 3085 148 3139 habe
166 3089 238 3138 keine
256 3088 416 3154 lostspielige
435 3089 480 3137 der
490 3090 592 3151 Art'ge
641 3088 740 3151 legnng.
790 3128 792 3131 .

10 3168 11 3201 1
84 3157 145 3207 habt
168 3157 233 3221 (cine
257 3158 315 3207 sehr
337 3156 475 3206 lu'instliche
502 3154 593 3206 111111-

10 3236 11 3239 ’
84 3241 149 3289 rung
157 3228 182 3288 l),
205 3226 266 3275 oder
277 3226 335 3274 dass
346 3225 444 3275 Atticus
453 3226 514 3287 jane
525 3224 593 3276 Villa

10 3300 12 3331 ἲ
83 3293 126 3344 bei
150 3295 195 3342 der
220 3293 293 3343 Stadt
316 3294 384 3342 nicht
406 3292 479 3355 lange
505 3291 592 3342 besass

10 3416 12 3421 ,
82 3363 134 3412 oud
151 3361 183 3411 N.
204 3361 244 3411 die
262 3362 341 3411 Sache
358 3376 494 3422 vergessen
511 3361 589 3410 hatte.

674 3188 721 3246 15·
744 3193 766 3241 l.
799 3195 877 3258 ltaque
901 3160 1003 3241 becieht
1026 3190 1077 3240 sich
1102 3203 1149 3238 nur

643 3259 688 3308 aul
704 3259 743 3308 die
755 3257 849 3309 Worte
867 3264 916 3312 mus
934 3265 1027 3313 comitas
1042 3277 1088 3311 non
1099 3263 1148 3309 sine

642 3332 759 3379 seueritate
776 3337 832 3379 etet.

10 3466 11 3495 3
117 3434 360 3496 neque-praedium.
395 3429 441 3479 Die
465 3430 592 3479 Annahme
675 3416 782 3492 1911911138
800 3413 855 3460 d..h
872 3427 918 3461 ΕΗΓ
935 3412 1007 3490 (ῘΡΠΠ,
1029 3426 1102 3489 wetlss
1120 3424 1149 3489 qr

10 3500 11 3505 ’
81 3497 182 3547 Atticus
200 3495 263 3545 habe
281 3496 446 3559 einLaudgut
463 3512 501 3546 am
511 3497 593 3559 berge
643 3496 670 3529 ‘³⁸
699 3488 744 3530 ¹¹¹¹l
772 3495 855 3558 semes,
885 3478 1149 3558 G0W¹Ssbl¹h³st¹dk⁰¹l

10 3566 11 3621 J
83 3563 220 3615 Lucretilis
245 3564 286 3624 tim
312 3563 482 3627 Sabinisclren)
501 3565 592 3628 gehabt
643 3547 742 3610 blaublfl
759 3547 904 3609 velsslffldflss
923 3563 954 3596 ΖΠ
971 3546 1076 3595 1οΠΠΘΙΙ-

68 3632 175 3682 71)ει”ιι1ιι
203 3632 249 3680 auf
270 3631 339 3680 einer
363 3632 473 3681 lalscheu
501 3633 593 3682 Lesart
673 3640 699 3702 ³2
720 3655 848 3702 annuisse„
864 3644 1074 3706 gzupqnggj

83 3700 108 3751 b.
132 3698 182 3749 Cic.
193 3700 225 3749 ad
232 3699 283 3748 Att.
293 3698 348 3749 Vll.
359 3701 397 3757 tt,
410 3701 432 3750 l.

119 3773 236 3834 omnisque
254 3782 348 3816 u.s.w.
368 3765 399 3817 N.
416 3767 592 3818 laisstdiewe-
643 3801 661 3851 C

10 3820 12 3893 1
84 3837 157 3898 niger
186 3833 344 3884 ehrenvollen
372 3834 592 3900 Erwerbsquellen
641 3809 711 3922 ἐφ’
732 3799 912 3918 gsslchetlffl
931 3802 1088 3905 111χο11·
1100 3797 1146 3848 Ch

10 3934 12 3941 ,
84 3904 166 3953 seinos
184 3903 311 3954 Freundes
330 3917 383 3952 aus.
408 3902 444 3952 Er
460 3902 510 3952 lieh
529 3902 592 3952 Geld
692 3885 738 3931 ¹¹¹·
767 3882 806 3917 ¹⁰⁸
835 3884 849 3917 ⁰
905 3883 927 3917 θ’

10 3964 12 4001 l
80 3972 131 4022 aul
145 3971 243 4030 Zinsen
264 3970 324 4020 liess
342 3971 439 4021 Bt'ichcr
456 3987 511 4020 zum
528 3971 592 4023 Ver·
674 3974 760 4037 anuo
771 3984 868 4019 u.s.w.
889 3966 1146 4019 AehnlicherSchluss

10 4064 12 4073 2
85 4039 149 4090 kant*
163 4038 325 4090 abschreiben
342 4039 391 4088 und
399 4039 529 4127 'hondelte
546 4039 593 4089 mit
640 4038 690 4089 wie
708 4054 739 4089 zu
757 4036 827 4087 Ende
845 4037 889 4088 dos
906 4038 1010 4101 vorigen
1027 4037 1090 4103 Kap.
1150 4080 1152 4085 .

676 3737 698 3785 3.
721 3736 820 3785 Catonis.
838 3730 891 3780 Der
901 3731 1029 3781 berdhmte
1039 3731 1146 3795 jungere
