2750 4768
192 422 253 486 tto
604 431 689 484 xxv.
709 430 859 483 urricus.
882 420 947 484 1.·‘

232 586 355 648 iisdem·
369 585 509 665 exposuit
537 588 614 664 quae
640 585 673 645 iu
694 583 780 645 ltalia
801 584 1017 664 Hispaniisque
1045 594 1097 646 aut
1121 585 1237 647 tierent
1257 592 1306 646 ant

216 670 405 745 ,viderentur
425 667 609 730 admiranda.
634 669 688 729 >ln
711 668 820 747 quihus
841 669 933 731 multa
956 668 1104 747 industria
1126 678 1156 730 et
1181 668 1304 746 diligen·

237 754 278 815 tia
302 761 466 832 comparet
491 753 571 814 nulla
600 752 749 815 doctrina.
1125 824 1135 839 Χ
1272 754 1275 759 “

191 843 210 901 5
316 837 413 899 Huius
440 838 478 898 de
508 836 568 897 rita
598 845 627 899 et
654 836 790 897 moribus
817 836 904 916 plura
932 837 963 898 in
992 855 1028 899 eo
1056 836 1134 897 libro
1155 837 1304 916 persecuti

134 953 140 964 ·
232 940 336 986 sumtis
365 939 455 1001 quem
482 920 643 1000 separatim
673 921 711 981 de
739 938 776 981 eo
805 921 932 982 fecimus
962 930 1067 1000 rogatu
1088 920 1123 982 Τ.
1146 920 1304 1001 Pomponii

231 1006 332 1070 httici.
377 1006 478 1078 Quare
500 1005 654 1066 studiosos
677 1004 799 1067 Catonis
821 1005 860 1065 ad
881 1005 955 1067 illud
969 1004 1107 1066 'volumen
1123 1006 1303 1083 delegamus.

189 1152 248 1212 xxv
339 1139 374 1201 Τ.
396 1140 569 1200 Pouroiuus
595 1140 726 1201 haricus
760 1137 796 1199 ab
833 1138 949 1218 origine
976 1139 1081 1200 ultima
1114 1139 1220 1219 stirpis
1248 1138 1303 1200 lio·

231 1243 339 1287 manae
367 1232 526 1301 generatus
554 1230 701 1302 perpetuo
724 1241 741 1282 a
763 1220 933 1302 maioribus,
958 1232 1108 1303 acceptam
1136 1231 1303 1303 equestrem

189 1316 208 1373 2
231 1308 361 1371 obtinuit
381 1308 566 1385 dignitatem.
609 1307 698 1367 Patre
719 1324 792 1368 usus
815 1314 862 1367 est
881 1306 1024 1385 diligente
1046 1316 1077 1369 et
1098 1317 1131 1369 ut
1145 1316 1209 1369 tum
1224 1317 1304 1370 erant

230 1402 366 1473 tempora
393 1392 449 1453 diti
476 1391 508 1452 iu
535 1390 702 1471 primisque
729 1390 866 1452 studioso
894 1390 1071 1475 litterarum.
1122 1392 1194 1465 Hic,
1218 1400 1303 1472 prout
1361 1408 1362 1457 3

231 1477 298 1557 ipse
320 1475 438 1538 amabat
459 1475 583 1547 litteras,
608 1475 748 1535 omnihus
770 1475 916 1547 doctrinis
939 1475 1047 1554 quihus
1069 1476 1193 1556 puerilis
1224 1485 1302 1538 aetas
1361 1520 1362 1523 ,

191 1568 209 1624 3
232 1560 379 1641 impertiri
403 1560 493 1621 dehet
513 1559 607 1621 lilium
631 1558 768 1620 erudivit.
812 1559 883 1620 Erat
904 1567 1003 1622 autem
1026 1560 1056 1621 in
1077 1579 1171 1640 puero
1187 1569 1302 1640 praeter

232 1645 416 1709 docilitatem
439 1643 551 1721 ingenii
575 1661 690 1705 summa
709 1643 843 1704 suavitas
866 1643 928 1704 oris
950 1652 1039 1723 atque
1060 1644 1157 1717 vocis,
1188 1653 1302 1720 utssucn

232 1730 330 1790 solum
353 1727 494 1790 celeriter
521 1727 672 1807 acciperet
700 1745 776 1806 quae
803 1727 997 1789 tradebantur
1020 1729 1074 1789 sed
1097 1728 1187 1789 etiam
1209 1728 1301 1790 excel·

233 1815 331 1875 lenter
362 1812 580 1891 pronuntiaret.
635 1811 700 1883 Qua
732 1830 768 1873 ex
798 1830 831 1871 re
864 1811 895 1872 iu
927 1812 1055 1891 pueritia
1087 1813 1198 1874 nobilis
1229 1813 1301 1874 iuter

233 1896 373 1976 aequales
395 1896 547 1957 ferebatur
568 1892 737 1975 clariu'sque
760 1895 1039 1974 exsplendescehat
1055 1916 1143 1976 quam
1166 1896 1300 1975 generosi

232 1980 433 2060 condiscipuli
461 1980 562 2041 animo
597 1998 692 2058 aequo
731 1980 811 2041 ferre
835 1988 983 2058 possent..
1029 1981 1133 2060 ltaque
1161 1980 1300 2042 incitabat

189 2073 207 2128 4
231 2084 335 2128 omnes
365 2065 466 2125 studio
495 2084 561 2127 suo.
613 2064 680 2136 Quo
709 2063 740 2123 iu
768 2081 893 2125 numero
921 2065 1101 2127 luerunt'L.
1125 2065 1299 2143 Torquatus,

231 2151 263 2213 G.
286 2150 396 2211 Marius
418 2148 507 2221 filius,
535 2149 573 2210 hl.
597 2148 718 2221 Cicer03
749 2166 838 2226 quos*
854 2149 1068 2211 consuetudine
1096 2169 1149 2210 sua
1178 2149 1226 2211 sie
1252 2150 1299 2212 de·

228 2234 323 2295 vinxit
344 2245 377 2294 ut
393 2251 483 2308 'neruo
506 2233 555 2292 his
576 2242 722 2311 perpetuo
745 2230 834 2293 fuerit
856 2233 963 2293 carior.

224 2399 287 2449 nach
297 2399 353 2448 deut
362 2399 421 2450 2ten
429 2398 565 2464 punischen
575 2397 733 2448 beschrainkt.
783 2399 852 2448 'nach
871 2398 942 2448 einer
956 2397 1083 2449 heliebten
1094 2397 1186 2450 Weise
1199 2393 1299 2451 Sturum

225 2466 286 2517 Dies
304 2465 338 2516 ist
354 2481 382 2515 so
401 2482 432 2515 zu
446 2466 641 2523 verstehndass‚
664 2467 737 2514 naeh-
789 2465 879 2516 hiume
907 2482 939 2515 zn
969 2466 1097 2516 erdichtcn
1127 2483 1177 2517 von
1200 2467 1296 2535 Pompo,

224 2534 281 2584 dem
312 2548 343 2583 nu
370 2534 471 2596 Anlung
492 2534 568 2598 jedes
593 2532 669 2582 Juhrs
695 2533 736 2582 die
789 2533 870 2582 einem
888 2533 956 2584 Sohn
974 2534 1019 2583 des
1036 2534 1131 2598 Kdnigs
1148 2533 1244 2594 Numu.
1270 2535 1297 2585 ah

224 2600 320 2652 Numen
346 2600 393 2652 der
416 2601 566 2663 Magistrute
593 2600 738 2663 aufgehihrt
788 2600 865 2664 (Plut.
874 2598 948 2650 Num.
957 2603 1008 2664 21).

224 2670 273 2719 nnd
297 2669 411 2719 hemerlit
433 2684 490 2718 war
513 2667 610 2718 welche
628 2668 736 2717 Provinu
823 2673 868 2721 oh:
893 2667 956 2717 ‘von'
973 2697 1006 2708 -
1028 2667 1095 2719 ‘her'.
1176 2695 1184 2705 =

221 2737 298 2803 jeder
322 2735 414 2786 Constd
438 2736 487 2785 und
505 2737 597 2786 Priitor
623 2735 737 2785 erhalten
782 2746 785 2753 ’
822 2745 943 2801 pendetur
968 2736 1034 2785 wird
1066 2744 1136 2786 sonst
1163 2738 1232 2788 nicht
1253 2752 1297 2787 von

224 2806 282 2866 (nur
299 2805 369 2855 diese
386 2818 473 2855 waren
492 2804 584 2865 duces),
613 2803 738 2852 dnnn'hei
789 2803 929 2853 entiernter
947 2803 1126 2867 Abstammung
1153 2805 1295 2867 gebraucht.

224 2870 368 2934 Erzrihlung
386 2871 455 2921 ihrer
464 2870 562 2921 Thulen
580 2871 605 2919 iu
618 2871 664 2920 der
676 2870 738 2920 Pro·
788 2869 856 2920 Doch
875 2878 932 2933 sagt
951 2870 1048 2921 ihnlieh
1066 2870 1118 2921 Cic.
1129 2871 1193 2921 Phil.
1204 2872 1246 2924 lV.
1257 2875 1297 2930 25

223 2939 282 2988 vina
299 2939 337 2988 uie
361 2938 429 2988 nieht
452 2939 497 2988 mit
514 2937 610 2988 Numen
628 2938 737 2987 sonderu
788 2942 847 3004 leqio
865 2942 957 3002 Martio,
985 2958 1044 3005 quoe
1059 2945 1117 2991 mihi
1132 2945 1225 2992 uidetur
1242 2945 1298 2993 dioi-

223 3004 737 3071 hloseoosolepraetergenanntwurdeu.
787 3010 851 3058 uitus
869 3011 898 3058 oh
916 3025 942 3057 eo
962 3009 1004 3058 deo
1023 3013 1123 3058 trooisee
1139 3025 1295 3073 uomenoqeo

257 3078 336 3137 fierent
353 3071 454 3122 heaieht
471 3072 523 3121 sich
541 3073 588 3121 uui
603 3073 644 3122 die
653 3074 737 3122 wech·
785 3078 896 3140 pupulum
921 3076 1046 3126 &monum
1072 3084 1205 3140 qenerotom
1234 3084 1295 3127 occe*

224 3139 335 3197 seluden,
348 3144 479 3191 oidueutor
491 3140 604 3202 (‘gesehn
616 3139 737 3203 werden')
783 3144 868 3207 pimus.

224 3208 271 3256 aul
285 3205 326 3255 die
344 3205 492 3255 bleihenden
505 3202 716 3269 Enseheinungen.
822 3224 845 3274 2·
866 3233 927 3275 up-
938 3207 1040 3290 qgmpm
1056 3225 1115 3286 geht
1133 3240 1181 3274 nm.
1194 3224 1295 3277 „up-m
1338 3198 1341 3205 ’

257 3278 437 3352 oollodoctrioo
455 3274 512 3322 dh.
530 3273 585 3353 .w⁰¹
603 3289 630 3323 es
648 3289 736 3324 waren
822 3308 846 3357 3·
867 3312 922 3358 oris·
942 3306 969 3356 s.
982 3324 1012 3357 zu
1019 3308 1096 3359 Alci
1119 3310 1142 3359 2·

223 3341 297 3391 kenne
315 3339 428 3403 gelehrte
440 3340 600 3421 liellexronen
620 3342 670 3390 und
688 3342 736 3392 Un-
820 3378 1007 3438 &splendescere
1034 3348 1113 3425 finde't
1146 3375 1200 3425 sich
1229 3380 1294 3425 som

222 3408 410 3525 trrutusp
425 3407 736 3527 “ffrffirquljqugj
786 3456 833 3490 „tr
849 3440 891 3490 ut
909 3441 1040 3508 spectet.
1117 3476 1125 3485 ,
1259 3445 1265 3459 ·

220 3490 421 3594 ddddswddhdsed
448 3491 584 3594 e‘dthieltyen
611 3514 648 3593 sie
672 3546 733 3594 nuch
785 3513 923 3626 manfr?
946 3509 1002 3614 ‘fier
1023 3526 1080 3560 νοω
1104 3509 1200 3561 Geim'
1231 3510 1293 3560 Μ

221 3609 253 3661 N.
274 3611 362 3674 cignei·
379 3610 545 3674 Schilderung
562 3626 651 3675 genus.
819 3680 836 3728 4
865 3615 882 3730 ι’
911 3613 960 3730 ‘Tor
976 3659 1044 3730 ,mm
1067 3677 1132 3728 Com
1168 3694 1218 3729 Η
1236 3679 1283 3730 689

255 3744 294 3795 Du
305 3743 337 3795 N.
359 3744 438 3794 uebeu
454 3744 556 3795 Ciceros
575 3745 675 3795 Briel'en
693 3746 734 3795 die
784 3761 809 3794 v.
819 3715 864 3794 Ch.
874 3717 920 3801 ὥς
944 3696 1061 3797 Gddloriue
1071 3716 1146 3797 Cous..
1167 3716 1192 3795 a:
1201 3716 1227 3795 u:
1236 3715 1290 3801 oth'

223 3811 388 3879 llauplquelle
407 3814 449 3862 liir
465 3813 510 3862 das
528 3812 613 3862 Lehen
633 3814 677 3863 des
690 3815 734 3863 At·
784 3830 808 3862 v.
820 3811 916 3871 Ch82,
939 3812 1005 3863 Sohn
1024 3814 1068 3863 des
1085 3814 1231 3863 herdhnrten
1243 3812 1292 3864 llu-

222 3879 286 3929 ticus
310 3880 356 3937 ist,
384 3895 412 3929 so
434 3880 570 3930 bernerien
594 3880 643 3930 wir
667 3881 734 3930 nicht
784 3880 847 3931 rius.
881 3883 911 3931 lt.
938 3883 1014 3933 dicero
1039 3881 1075 3931 ist
1100 3882 1147 3931 der
1169 3880 1291 3932 hekennte

221 3960 276 3996 was
294 3962 323 3997 er
341 3946 417 3997 ullein
435 3948 586 4009 herichtet„
786 3948 894 3997 Redner.

254 4011 279 4070 l.
301 4017 323 4065 1.
345 4013 392 4064 ute
403 4013 552 4080 Pomponier
564 4015 667 4066 lciteten
680 4014 732 4064 sich
818 4020 901 4068 terior.
920 4013 978 4076 vgl.
989 4015 1012 4073 2,
1022 4016 1047 4067 3.
1057 4016 1081 4074 3,
1091 4018 1115 4067 3.

1363 3394 1365 3425 l

1363 3430 1365 3453 l
