2750 4768
471 456 556 517 xxv.
578 455 727 516 urricus.
751 467 790 517 11.
945 500 947 505 .
1080 451 1189 555 Ι179

11 616 12 629 ’
70 638 137 682 mor
162 618 220 681 luit
250 618 342 679 ollicii
372 626 401 680 et
429 617 472 688 ei,
508 637 576 680 cum
604 618 784 697 requisisset
800 618 939 680 'ubinam
967 630 1062 694 esset,
1093 640 1148 683 sua

10 740 12 785 ς
71 723 160 767 manu
182 703 304 783 scripsit
326 722 364 764 ne
386 703 505 765 timeret
526 703 686 783 statimque
709 705 745 765 ad
769 723 802 766 se
824 704 953 773 veniret:
977 723 1010 766 se
1033 724 1099 766 eum
1118 715 1149 767 et
1202 717 1209 724 ·

10 826 11 861 ,
71 790 151 851 illius
176 808 267 851 causa
289 788 402 849 Canum
426 788 463 849 de
484 788 724 868 proscriptorum
752 806 876 850 numero
906 789 1062 850 exemisse.
1105 791 1149 850 Aa

10 868 11 891 l
70 895 109 937 ne
132 874 211 953 quod
233 874 399 953 periculum
422 872 578 946 incideret,
612 875 691 953 quod
713 882 805 935 noctu
827 873 932 946 fiebat,
962 873 1148 954 praesidium

10 968 11 1019 3
71 961 100 1022 ei
121 959 214 1020 misit.
257 959 309 1019 Sic
330 958 444 1020 Atticus
467 957 497 1018 iu
521 977 638 1019 summo
662 959 768 1019 timore
791 977 852 1020 non
881 959 978 1019 solum
1007 959 1064 1019 sibi
1093 958 1146 1019 sed
1170 962 1188 1021 5

71 1045 160 1106 etiam
190 1043 217 1104 ei
247 1062 339 1122 quem.
365 1042 552 1104 carissimum
586 1043 714 1105 habebat
747 1043 898 1123 praesidio
929 1042 993 1105 fuit.
1043 1045 1148 1123 Neque

9 1148 11 1159 ’
71 1130 150 1191 enim
184 1147 256 1189 suae
286 1129 382 1188 solum
412 1147 428 1189 a
457 1148 606 1208 quoquam
636 1129 776 1190 auxilium
802 1129 889 1209 petiit
903 1128 1016 1190 'salutis
1039 1130 1091 1189 sed
1116 1135 1149 1189 ut

9 1218 10 1285 g
71 1213 362 1294 appareret-nullam
384 1212 548 1275 seiunctam
571 1212 630 1274 sibi
654 1213 749 1290 abeo
771 1214 847 1275 velle
862 1214 1022 1275 fortunam.
1060 1213 1147 1286 Quod
1170 1216 1189 1274 b

71 1298 98 1360 si
127 1298 308 1376 gubernator
334 1298 495 1377 praecipua
524 1299 613 1359 laude
642 1298 736 1359 fertur
764 1299 814 1377 qui
849 1318 954 1360 navem
983 1318 1019 1359 er
1048 1299 1149 1360 hieme

71 1383 207 1462 marique
230 1383 391 1462 scopuloso
415 1391 521 1450 servat,
548 1400 601 1444 cur
623 1402 683 1443 non
706 1382 866 1461 singularis
884 1385 948 1445 eius
964 1383 1151 1444 existimetur

8 1512 9 1535 2
70 1467 229 1547 prudentia
256 1467 308 1546 qai
338 1486 373 1527 ex
402 1476 446 1528 tot
473 1472 591 1547 tamque
623 1467 762 1545 gravibus
784 1469 927 1548 procellis
951 1467 1088 1529 civilibus
1111 1468 1148 1528 ad
1179 1508 1182 1511 -

8 1554 10 1615 l
71 1552 306 1613 incolumitatem
328 1549 488 1631 pervenit?

157 1637 273 1710 Quibus
296 1656 331 1698 er
353 1637 439 1697 malis
467 1645 501 1698 ut
528 1656 561 1698 se
591 1637 729 1711 emersit,
760 1638 835 1698 nihil
863 1637 944 1698 aliud
973 1636 1033 1715 egit
1059 1630 1189 1715 quamll

70 1731 105 1783 ut
124 1722 269 1801 'plurimis
298 1721 406 1800 quibus
435 1722 525 1783 rebus
554 1733 661 1802 posset
688 1730 771 1783 esset
800 1722 921 1783 auxilio.
972 1723 1045 1784 eum
1078 1740 1148 1801 pro-

72 1807 201 1886 scriptos
223 1807 365 1887 praemiis
388 1808 601 1886 imperatorum
624 1807 729 1886 vulgus
760 1808 964 1887 conquireret,
996 1826 1083 1868 nemo
1116 1807 1150 1867 iu

71 1892 198 1971 Epirum·
216 1893 300 1953 'venit
321 1892 369 1952 cui
392 1911 441 1953 res
464 1893 524 1953 ulla
547 1893 691 1966 deluerit,
719 1892 832 1953 nemini
855 1911 916 1952 non
939 1891 981 1952 ibi
1003 1899 1148 1971 perpetuo

7 1978 9 2059 j
71 1976 210 2038 manendi
234 1985 367 2055 potestas
386 1977 467 2055 ,iacta
492 1985 553 2037 est:
588 1978 638 2055 qui
663 1977 752 2038 etiam
774 1985 844 2055 post
865 1976 1011 2056 proelium
1033 1976 1190 2054 Philip-2

7 2072 9 2099 2
69 2079 166 2141 pense
188 2061 401 2139 interitumque
424 2062 456 2123 C.
481 2061 578 2122 Cassii
602 2070 633 2122 et
653 2062 691 2122 M.
714 2061 797 2121 Bruti
820 2060 1148 2122 brahmanorum

7 2152 29 2209 ,’
69 2145 252 2225 praetorium
282 2154 312 2205 et
340 2145 433 2206 filium
463 2145 528 2206 eius
559 2146 726 2224 Aulumque
755 2145 938 2224 Torquatum
972 2153 1149 2224 ceterosque

7 2232 9 2313 J
69 2230 136 2311 pari
163 2230 281 2289 lorttrna
311 2229 468 2308 perculsos
497 2230 661 2291 instituerit
689 2230 765 2290 tueri
795 2239 883 2309 atque
912 2249 946 2289 ex
969 2230 1071 2309 epiro
1099 2229 1148 2291 his

69 2314 170 2375 omnia
194 2315 428 2377 Samothraciam
453 2316 626 2394 supportari
650 2315 782 2376 iusserit.
825 2315 953 2376 Difficile
976 2323 1022 2376 est
1048 2315 1147 2377 omnia
1172 2320 1189 2380 3
1217 2353 1220 2359 ·

6 2400 7 2461 ἶ
67 2399 213 2480 persequi
236 2407 266 2459 et
287 2419 347 2460 oon
370 2400 584 2463 necessariuml
621 2401 706 2473 xlllud
728 2420 820 2462 unum
849 2400 980 2479 intellegi
1009 2392 1146 2462 iolumu's
1169 2416 1183 2463 ’ῑ

6 2554 8 2577 '
104 2576 204 2633 putarat.
239 2567 302 2618 Wir
328 2583 406 2631 sagon
437 2569 513 2618 ‘bitte
542 2584 584 2632 ge·
670 2571 693 2620 5.
715 2573 756 2621 sed
773 2578 806 2620 ut.
841 2568 895 2620 Vor
918 2578 943 2620 ut
956 2568 1001 2627 'iu
1024 2583 1069 2617 aus
1093 2568 1149 2619 dem

71 2634 171 2698 glaubt’,
188 2630 290 2686 “indem
313 2637 363 2686 wir
392 2636 463 2686 einen
494 2637 584 2687 Berlin·
635 2636 865 2699 Vorbergehcnden
889 2636 1093 2685 hinzuzudenken
1115 2634 1150 2690 itu*
1248 2678 1257 2693 ,

71 2712 206 2766 gnogssatz
241 2708 336 2766 (menn
360 2719 390 2759 er
419 2705 486 2754 nicht
514 2705 584 2755 eines
635 2709 996 2770 suaesalutisuuaitr'umpatir‘t.

6 2774 7 2833 l
69 2772 174 2821 hodera
203 2772 303 2822 helehrt
330 2770 417 2828 witre‘)
447 2772 480 2821 im
508 2772 584 2823 Sinne
670 2776 693 2824 6.
715 2778 786 2824 hiems
825 2772 994 2821 ‘stirmisches
1024 2766 1144 2829 Wetter’,

6 2836 8 2897 ἔ
70 2839 166 2895 haben,
194 2839 234 2888 die
259 2839 380 2889 Lateiner
404 2838 501 2890 denhen
518 2842 585 2891 heim
640 2838 746 2891 ‘Sturm’.
778 2838 810 2889 So
830 2841 891 2890 auch
911 2839 1145 2906 Cic.‚p.Plenc.40,

69 2905 193 2957 ludicativ
220 2907 293 2956 einen
317 2908 377 2957 Satz
400 2908 446 2957 nrit
464 2919 585 2976 autequam
636 2911 669 2962 96
688 2913 816 2960 maritimos
834 2926 915 2960 aursus
930 2911 1094 2975 praecludebat
1112 2913 1149 2959 hi-

6 3012 7 3015 .
70 2975 134 3024 oder
149 2980 291 3041 priusquam.
322 2974 403 3025 Plaut.
413 2975 484 3026 Pers.
494 2976 523 3026 ll.
536 2980 585 3036 1,4
638 2982 693 3029 eruis
711 2981 854 3040 mapuiturlo.

70 3061 107 3095 me
131 3046 221 3108 quidem
245 3049 292 3095 iam
316 3049 373 3095 rotis
397 3049 440 3096 tibi
463 3056 587 3112 spectatam
671 3040 712 3100 ll·
734 3046 757 3095 2·
779 3042 1046 3101 8·¹¹·712‚V·Ch·42·

71 3128 205 3163 consueram
229 3130 278 3162 esse
303 3121 323 3162 et
346 3130 408 3164 meas
435 3132 518 3165 mores.
553 3114 583 3179 Q.
672 3116 724 3178 qui,
759 3110 832 3161 nairul.
861 3112 968 3162 Atticus.
1005 3112 1078 3162 Weil
1104 3113 1149 3161 das

70 3177 189 3228 Metellus
203 3177 278 3228 Celer
289 3179 313 3228 b.
326 3178 377 3227 Cic.
388 3180 419 3229 ad
428 3180 485 3230 lam.
494 3182 525 3233 V.
537 3185 559 3241 t,
573 3185 584 3233 l
636 3195 728 3229 wovon
745 3180 838 3229 vorher
856 3181 961 3243 gersdet
978 3180 1012 3230 ist
1032 3197 1087 3230 vom
1105 3181 1150 3229 Aa·

69 3251 228 3298 emistimarom
246 3267 286 3300 uec
303 3267 338 3300 me
357 3252 585 3302 aliculamludibrio
638 3248 701 3297 licus
727 3248 849 3310 geschehn
869 3264 941 3307 war,
978 3249 1022 3298 httt
1043 3246 1075 3298 Ν.
1104 3248 1149 3297 das

70 3318 159 3366 laesum
175 3319 207 3366 iri
224 3334 265 3367 aaa
281 3331 304 3365 u.
315 3332 335 3365 s.
344 3331 378 3364 w.
414 3314 464 3365 Cic.
475 3317 506 3366 de
514 3317 554 3367 off.
564 3317 583 3368 1.
637 3315 738 3365 Relativ
762 3323 860 3377 gesetzt
881 3317 919 3366 als
937 3319 1007 3366 ware
1026 3331 1055 3366 er
1071 3316 1150 3365 wirk·

70 3382 112 3439 23,
124 3383 154 3432 81
185 3389 324 3435 committere
347 3394 371 3436 ut
397 3389 522 3452 aliquando
549 3392 587 3438 rlr'-
637 3384 685 3433 lich
704 3384 826 3442 erwahnt,
856 3385 937 3433 indam
956 3385 1004 3433 ihnr
1021 3383 1150 3433 vielleicht

70 3453 167 3501 seudum
192 3454 221 3500 sit
251 3452 302 3502 Nau
317 3461 431 3517 putaram.
455 3453 582 3505 Vatum
639 3454 700 3501 auch
720 3453 766 3501 der
783 3453 938 3502 entierntere
953 3451 1012 3502 Satz
1029 3457 1149 3510 Quibus—

69 3515 186 3573 vitm
212 3520 287 3583 Scipio
306 3523 427 3584 Afru'cauus
454 3530 518 3588 turpe
536 3542 586 3575 rasa
639 3524 728 3573 auxilio
746 3521 817 3570 me‘hr
834 3520 871 3570 als
889 3522 933 3569 das
950 3518 1150 3569 Nbchstvorher-

70 3589 147 3638 aiebat
155 3589 209 3635 iure
219 3588 315 3636 militari
329 3591 404 3638 dicere
414 3589 584 3655 Nauputara'm.
639 3589 751 3651 gehende
765 3587 947 3637 vorschwebte.
969 3587 1028 3636 Dies
1038 3587 1071 3636 ist
1081 3587 1145 3636 hart.

107 3670 130 3719 2.
151 3672 272 3719 aduentum
290 3668 314 3716 in
332 3668 402 3718 llam.
631 3655 798 3725 ‘VglyfflAlss-
810 3656 833 3713 8›
845 3658 868 3706 3·
987 3650 1105 3679 Μ

671 3728 752 3776 rluluut
760 3727 903 3788 Torquatum.
922 3722 1014 3772 Prbtor
1021 3738 1044 3773 a.
1053 3739 1077 3772 u.
1087 3725 1145 3783 702,

67 3774 70 3781 .
104 3758 280 3817 imperatarum:
298 3753 428 3811 Antonius,
451 3755 583 3816 Octavian,
637 3804 661 3841 v.
675 3791 719 3840 Ch·
731 3793 772 3842 52,

69 3819 181 3887 Lepidus
211 3819 261 3883 (die
289 3819 455 3887 TriumVim)'
482 3825 537 3874 'Wie
560 3841 583 3875 θ’
673 3861 696 3910 3.
727 3858 796 3908 Obne
827 3857 934 3908 Zweilel
970 3859 1024 3908 that
1049 3859 1148 3909 Atticus
1217 3902 1218 3909 ,

72 3892 111 3947 11'
125 3891 146 3939 l‘
636 3926 723 3978 Vieles
736 3927 798 3975 ohne
809 3924 965 3989 Eigennutz;
986 3927 1149 3990 gewisseben

6 3996 8 4003 ’
84 3992 129 4054 ι4.
150 3994 228 4042 multis
254 3995 412 4055 hortantibus,
454 3993 526 4043 nanrl.
556 4001 586 4045 ut
637 4011 665 4045 so
689 3992 775 4044 Vieles
800 3994 861 4044 aber
886 3995 931 4044 mit
948 3994 1083 4046 Rbchsicbt
1107 3995 1154 4045 aul

69 4057 179 4108 Atticum
196 4058 375 4124 proscriberet.
638 4063 724 4112 seinen
750 4062 873 4113 Vortbeil.
911 4062 1004 4112 Diesen
1040 4063 1149 4115 letztern
1223 4100 1226 4117 .

106 4131 183 4193 officii.
202 4125 228 4176 S.
237 4142 258 4175 c.
271 4128 353 4187 half.
637 4131 801 4194 Handlungen
833 4139 928 4182 wusste
958 4147 987 4181 er
1014 4129 1150 4195 allerdings
1237 4142 1241 4155 ¹

932 4217 985 4269 12*
