2750 4768
180 425 240 499 182

578 447 663 501 xxv.
683 447 833 501 amicus.
856 452 895 502 ιι.
996 426 1016 469 l

177 611 197 667 4
221 605 312 667 ceteri
336 622 411 684 quos
434 601 531 665 cultus
554 594 737 663 domesticus
766 598 917 665 desiderat
945 599 1079 684 apprime
1104 605 1188 665 boni.
1232 605 1294 667 Ne

220 709 277 768 que
300 699 414 750 tamen
417 689 524 749 horum
552 705 733 767 quemquam
761 688 820 748 nisi
850 688 930 750 domi
959 698 1061 751 natum
1083 690 1224 786 domique
1245 691 1293 752 fa-

219 786 299 836 ctum
321 773 440 846 habuit,
469 773 549 852 quod
582 781 630 834 est
657 773 775 850 signum
804 792 866 834 uon
895 768 992 835 solum
1015 775 1215 836 continentiae
1237 776 1294 837 sed

218 860 307 920 etiam
331 859 514 936 diligentiae.
534 878 547 905 s
563 857 638 918 Nam
666 865 695 918 et
723 876 784 919 uon
813 859 1048 941 intemperanter
1070 861 1294 956 concupiscere

217 945 298 1023 quod
321 964 336 1005 a
359 943 497 1023 plurimis
519 938 622 1003 videas
644 942 828 1004 continentis
851 944 941 1006 debet
962 944 1041 1017 duci,
1064 940 1093 1006 et
1115 945 1217 1024 potius
1244 946 1293 1006 di-

217 1029 341 1107 ligentia
375 1047 463 1108 quam
495 1028 592 1107 pretio
624 1045 730 1106 parare
762 1047 823 1089 nou
850 1030 1012 1090 mediocris
1041 1038 1086 1090 est
1114 1030 1293 1092 industriae.

177 1114 354 1192 bElegaus,
370 1133 431 1175 nou
447 1112 639 1191 magnificus,
662 1113 846 1191 splendidus
868 1131 929 1174 non
944 1123 1152 1199 sumptuosus
1177 1116 1292 1176 omnis-

217 1218 275 1278 que
297 1198 452 1276 diligentia
474 1197 661 1271 munditiam,
684 1217 744 1258 uon
758 1198 951 1260 affluentiam
970 1192 1138 1261 affectabat.
1183 1200 1290 1279 Supel-

215 1285 263 1344 lex
284 1284 413 1357 modica,
436 1302 497 1343 non
519 1284 624 1356 multa,
656 1290 689 1343 ut
712 1283 744 1342 iu
765 1291 900 1344 neutram
921 1293 1037 1365 partem
1060 1284 1201 1380 conspici
1217 1303 1291 1381 pos·⁸
1370 1344 1372 1347 ,

176 1372 274 1430 beet.
324 1370 387 1431 Nec
415 1367 608 1464 praeteribo,
640 1387 819 1447 quamquam
847 1369 1000 1429 nonnullis
1034 1369 1098 1431 lere
1125 1370 1222 1430 visum
1252 1369 1291 1430 iri

216 1464 334 1534 putem:
365 1472 431 1514 cum
461 1452 490 1513 in
520 1452 626 1534 primis
655 1453 753 1514 lautus
781 1464 862 1515 esset
889 1472 981 1549 eques
1003 1453 1155 1515 Romanus
1178 1462 1207 1515 et
1230 1474 1293 1516 nou

215 1557 321 1634 parum
348 1537 512 1599 liberaliter
544 1537 665 1598 domum
700 1555 784 1598 suam
818 1538 949 1599 omnium
984 1536 1121 1601 ordinum
1150 1539 1292 1619 homines

215 1622 362 1695 invitaret,
386 1622 523 1693 scimus
520 1640 580 1682 uon
604 1621 732 1700 amplius

215 1708 350 1785 singulos
372 1712 550 1775 mensesiex
572 1706 745 1785 ephemerid

755 1641 774 1741 l

749 1727 765 1768 e
787 1703 855 1769 eum
877 1726 1039 1787 expensum
1057 1710 1188 1790 sumptui
1211 1709 1291 1771 ferre

776 1642 843 1684 uam
865 1632 948 1685 terna
976 1624 1057 1684 milia
1084 1643 1234 1720 peraeque
1258 1624 1291 1685 in

174 1797 191 1853 7
215 1793 346 1853 solitum
391 1794 487 1871 Atque
509 1792 568 1851 hoc
589 1810 650 1852 non
672 1792 804 1853 auditum
827 1792 880 1853 sed
897 1795 1047 1870 cognitum
1063 1794 1289 1872 praedicamus·

215 1896 305 1957 saepe
327 1877 407 1939 euim
428 1884 553 1956 propter
574 1877 803 1938 familiaritatem
825 1879 999 1940 domesticis
1026 1879 1118 1940 rebus
1151 1879 1290 1940 interfui-

171 1957 291 2028 ldmus.
339 1964 433 2023 Nemo
462 1964 493 2023 in
523 1961 658 2022 convivio
687 1963 752 2023 eius
781 1963 860 2023 aliud
890 1976 1027 2025 acroama
1056 1964 1167 2024 audivit
1200 1983 1290 2043 quam

214 2055 416 2126 anagnosten3
451 2048 531 2144 quod
568 2066 624 2107 nos
657 2047 778 2125 quidem
813 2047 1060 2110 iucundissimum
1089 2049 1287 2110 arbitramur:

149 2178 150 2183 ι
214 2153 313 2213 neque
335 2152 474 2230 umquam
498 2132 564 2193 sine
587 2132 686 2211 aliqua
709 2133 839 2194 lectione
862 2133 939 2211 apud
963 2152 1030 2195 eum
1053 2142 1210 2194 coenatum
1231 2142 1288 2207 est,
1371 2134 1372 2139 ’

213 2227 246 2280 ut
274 2237 335 2278 non
366 2218 465 2278 miuus
495 2218 594 2277 animo
626 2236 715 2296 quam
748 2226 850 2279 ventre
881 2219 1021 2278 convivae
1056 2209 1288 2280 delectarentur.
1371 2290 1372 2301 χ

172 2304 348 2382 2Namque
371 2322 423 2363 eos
445 2302 570 2363 vocabat
593 2321 719 2380 quorum
742 2322 841 2363 mores
863 2322 879 2363 a
903 2303 965 2365 suis
989 2322 1049 2364 non
1080 2304 1287 2365 abhorrerent.
1371 2308 1372 2331 ¹

215 2389 287 2450 Cum
310 2395 391 2450 tanta
413 2368 558 2484 pecuniae
580 2392 657 2450 facta
680 2396 762 2449 esset
783 2381 927 2461 accessio,
950 2388 1025 2448 uihil
1047 2389 1084 2450 de
1113 2389 1291 2468 quotidiano

134 2467 146 2485 “
213 2473 295 2535 cultu
317 2472 448 2546 mutavit,
472 2472 546 2533 nihil
569 2473 606 2534 de
627 2474 708 2534 vitae'
729 2473 946 2534 consuetudine
968 2482 1108 2553 tantaque
1138 2494 1211 2535 usus
1241 2482 1290 2536 est

211 2679 260 2729 und
278 2677 422 2736 schreibeu,
449 2675 546 2725 welche
566 2674 652 2726 Verba
676 2689 721 2724 aus

211 2756 366 2812 oncqrtostoe
363 2746 424 2794 und
448 2748 539 2797 librarii
561 2760 592 2792 ιιι
619 2743 721 2793 entueh-

210 2831 266 2866 meu
284 2813 348 2863 siud.

215 2888 345 2950 opprime
367 2881 484 2931 scheiueu
499 2879 588 2930 Cicero
606 2880 655 2928 uud
673 2878 721 2928 Ca-

210 2967 254 3001 sar
271 2949 338 2999 nicht
356 2948 493 3012 gebraucht
510 2964 541 2997 ιιι
561 2946 649 2996 haben.

244 3020 269 3070 4.
289 3026 373 3082 (cetum
400 3016 532 3080 ‘lgezogeu
572 3014 605 3065 So
628 3016 721 3065 kouute

211 3086 256 3135 das
266 3084 346 3136 Wort
362 3085 414 3134 wol
431 3100 479 3134 nur
495 3100 544 3134 von
555 3082 661 3132 Sclaven
679 3099 721 3146 ge-

209 3153 316 3203 braucht
324 3153 435 3219 werden,
456 3151 554 3201 welche
564 3151 614 3199 wie
624 3150 721 3199 Sacheu

183 3266 188 3270 .
210 3222 336 3285 augesehu
362 3221 474 3270 werden.
512 3218 539 3268 ln
565 3218 623 3268 dem
645 3218 720 3269 Siuue

213 3287 369 3353 ‘clangestell
410 3285 537 3338 ‘’verstellt
570 3290 610 3350 (zu
640 3287 721 3336 ciuem

209 3358 257 3408 Bet
247 3362 328 3421 truge)
347 3358 414 3407 steht
434 3372 461 3406 es
478 3356 502 3405 b.
525 3354 576 3405 Cic.
585 3355 676 3405 adAtt
686 3357 717 3407 ll.

209 3428 277 3485 24,3
303 3431 343 3494 qni
371 3430 427 3478 illuc
456 3432 530 3491 foetus
557 3430 720 3501 institutusque

207 3500 307 3547 uenisset
324 3509 348 3542 u.
369 3493 424 3544 Liv.
434 3492 453 3543 l
463 3495 502 3551 56,
514 3494 529 3544 8
558 3511 586 3544 ec
603 3494 720 3546 industrio

207 3570 283 3630 foetus
300 3567 331 3614 od
347 3567 497 3615 imitationem
514 3566 633 3613 stultitiae.

242 3640 263 3682 et
279 3635 356 3696 potios
366 3658 395 3666 -
403 3634 538 3682 industriae.
557 3628 596 3678 Du
609 3627 665 3678 hier
677 3629 718 3679 die

208 3698 297 3760 obigen
315 3696 409 3748 Worte
433 3703 473 3750 sed
499 3702 567 3749 etiam
585 3700 718 3762 diliqcntice

206 3764 347 3828 begrdudet
363 3765 469 3821 werden
477 3764 564 3823 sollen,
585 3779 613 3813 so
624 3774 718 3815 musste

206 3839 324 3889 industrio
341 3841 404 3883 stult
421 3837 541 3898 difiqentio
555 3832 604 3881 und
620 3838 718 3896 diliqon-

207 3906 253 3954 tiue
270 3908 333 3950 stati
349 3906 477 3954 industriae
495 3915 553 3962 gese
556 3909 592 3950 ιι
556 3901 715 3950 werden.

207 3968 276 4017 Abcr
301 3967 333 4019 N.
362 3970 405 4018 hat
438 3966 645 4018 wahrscbeiulich
675 3985 718 4032 ge-

208 4034 294 4098 glaubt
311 4051 340 4085 er
362 4036 426 4086 habe
451 4036 514 4085 oben
532 4036 600 4086 nicht
618 4041 717 4103 diliqen-

208 4108 253 4155 tine
270 4102 378 4152 scuderu
395 4109 522 4157 industriae
543 4104 714 4166 geschriebeu.

806 2677 830 2725 5.
850 2678 948 2737 Eteqcns
958 2690 982 2723 u.
993 2690 1012 2723 s.
1022 2689 1055 2722 w.
1077 2675 1160 2725 Ueber
1174 2677 1220 2726 das
1230 2664 1299 2726 hier¹

772 2743 821 2791 und
840 2742 920 2805 gleich
943 2743 1036 2792 darauf
1056 2743 1171 2794 febleude
1196 2755 1244 2798 erut
1262 2761 1284 2795 s.

771 2826 803 2859 zu
810 2809 899 2861 Thras.
912 2812 934 2869 3,
946 2813 970 2862 2.

805 2883 831 2930 in
854 2889 958 2931 neutrum
978 2889 1067 2945 purtem
1103 2880 1172 2931 ‘nach
1196 2879 1289 2931 keiuer
1370 2926 1371 2931 ,

772 2945 842 2996 Seite
868 2946 930 3005 hin',
979 2948 1011 2995 ‘iu
1039 2947 1127 2997 keiuer
1154 2947 1284 3009 lliusichf,

771 3015 860 3065 weder
878 3014 914 3065 als
933 3031 964 3064 zu
981 3014 1032 3065 viel
1050 3017 1112 3064 noch
1132 3014 1168 3064 als
1186 3032 1217 3064 zu
1230 3032 1288 3066 we-

772 3084 822 3146 uig.
842 3083 926 3134 Ueber
943 3088 1045 3150 conspici
1062 3099 1082 3132 s,
1093 3101 1123 3133 zu
1131 3083 1186 3133 Dat.
1198 3086 1220 3141 3,
1232 3085 1257 3134 3.

806 3154 829 3204 6.
851 3171 917 3219 quoni
934 3162 1113 3218 uam-putem.
1141 3151 1281 3202 §.eumilo

772 3221 794 3277 2,
806 3222 821 3271 3
839 3221 889 3268 und
908 3171 969 3269 iiber
987 3219 1026 3269 die
1046 3220 1288 3270 uumittelbarehu-

772 3288 865 3351 fiiguug
883 3288 927 3336 des
945 3287 1041 3351 Folgdu
1062 3304 1093 3336 zu
1100 3290 1143 3337 Ar.
1153 3290 1175 3347 3,
1187 3289 1210 3339 2.

801 3360 878 3418 mitio,
895 3355 968 3405 uiirnl.
979 3355 1103 3415 Sesterze,
1124 3371 1186 3413 was,
1206 3355 1287 3421 drzu

771 3424 855 3474 dieser
872 3422 930 3473 Zeit
952 3424 1106 3486 gewdhulich
1126 3425 1222 3474 dauach
1240 3440 1287 3487 ge-

769 3493 952 3542 rechuetward
964 3493 1054 3553 (daher
1066 3493 1128 3542 auch
1135 3512 1240 3545 nummus
1250 3519 1288 3543 =

769 3561 919 3623 sestertius),
941 3560 1008 3610 dlter
1024 3560 1284 3623 weggelasseuwird.
1341 3596 1345 3607 .

803 3647 833 3680 en
850 3633 1006 3695 ephemeride:
1035 3635 1074 3678 ‘zu
1097 3628 1188 3691 Folge',
1222 3629 1288 3681 ‘laut

770 3696 864 3746 seiuem
882 3696 1032 3759 Tagebucb'.

802 3760 846 3820 14.
868 3766 892 3816 2.
913 3770 1016 3817 sestertio
1032 3769 1123 3817 centies.
1142 3764 1218 3816 Diese
1230 3765 1286 3815 Au-

769 3833 832 3896 gabe
851 3832 898 3882 soll
917 3833 983 3882 nicht
1003 3847 1084 3894 geuuu
1108 3833 1170 3883 sein.
1209 3833 1286 3884 Deum

769 3902 831 3951 uach
855 3902 936 3959 c.5,2
961 3900 1052 3951 erhielt
1077 3901 1175 3950 Atticus
1202 3902 1285 3952 durch
1369 3910 1370 3955 l

768 3968 903 4019 Erbschalt
929 3986 978 4019 vou
1012 3968 1106 4018 seiuem
1134 3969 1222 4021 Ohcim
1241 3967 1285 4021 'zu
1369 3978 1370 4007 ἓ

769 4037 824 4086 dem
846 4036 1001 4087 viterlicben
1024 4035 1166 4100 Vermdgen
1189 4042 1287 4092 circiter

768 4110 852 4158 centies
870 4110 1007 4160 sestertium.
