2742 4766
174 439 234 503 118
291 492 299 502 ,
558 447 639 501 xvu.
660 445 853 506 nausimus.
874 451 899 500 a.

210 605 430 681 Peloponneso,
454 599 605 662 obsistere
628 601 655 683 ei
678 600 778 661 conati
802 610 873 661 sunt
893 599 1092 661 Athenienses
1121 607 1151 660 et
1172 599 1290 660 Boeotii

211 687 364 766 ceterique
395 703 499 747 eorum
528 685 603 745 socii
633 685 711 764 apud
741 685 924 756 Coroneam3
962 703 1036 762 quos
1071 702 1177 744 omnes
1209 684 1290 761 gravi

171 771 328 853 dproelio
356 769 438 831 uicit.
488 769 584 831 Huius
612 769 758 831 victoriae
786 769 833 829 vel
862 768 988 829 maxima
1022 768 1078 828 luit
1104 769 1169 829 laus
1200 767 1288 845 quod,

181 853 185 867 ’
212 854 438 933 complerique
465 872 503 914 ex
530 854 599 932 luga
628 873 662 914 se
691 853 722 914 in
750 854 894 931 templum
916 852 1066 921 Minervae
1088 852 1291 913 coniecissent

211 947 463 1019 quaerereturque
485 938 522 998 ab
546 957 582 998 eo
606 938 678 1016 quid
700 937 750 997 his
771 936 860 996 vellet
887 937 970 1008 lieri,
1000 937 1056 997 etsi
1085 937 1200 1014 aliquot
1228 937 1289 997 vul-

210 1043 283 1084 nera
310 1029 470 1101 acceperat
502 1040 538 1083 eo
567 1022 683 1100 proelio
711 1028 740 1082 et
768 1022 862 1081 iratus
890 1019 1047 1082 videbatur
1065 1020 1216 1101 lomnihus
1240 1021 1287 1099 qui

210 1108 354 1170 adversus
384 1124 464 1173 arma
495 1105 639 1175 tulerant,
668 1115 769 1166 tamen
798 1104 935 1165 antetulit
963 1100 1232 1182 iraerehgioneni
1262 1113 1290 1166 et

171 1199 186 1253 7
212 1210 265 1253 eos
287 1191 381 1252 vetuit
401 1189 518 1250 violari.
569 1191 672 1269 Neque
698 1207 769 1250 vero
798 1190 857 1250 hoo
886 1189 982 1250 solum
1006 1190 1036 1250 in
1060 1189 1186 1250 Graecia
1208 1189 1288 1261 lecit7

210 1283 243 1337 ut
264 1276 376 1354 templa
399 1274 524 1335 deorum
547 1284 649 1335 sancta
673 1274 811 1346 haberet,
841 1272 895 1333 sod
925 1273 1014 1334 etiam
1043 1274 1121 1353 apud
1144 1273 1288 1335 barbaros

168 1364 187 1422 8
211 1378 326 1420 summa
348 1357 495 1434 religione
518 1360 617 1419 omnia
648 1358 806 1419 simulacra
836 1375 962 1436 arasque
991 1358 1188 1419 conservavit.
1217 1358 1288 1418 lta-

210 1462 274 1529 que
291 1441 486 1521 praedicabat
511 1442 615 1503 mirari
643 1461 676 1503 se
705 1460 766 1503 non
796 1441 1010 1517 sacrilegorum
1037 1460 1162 1503 numero
1185 1441 1288 1527 haberi

211 1527 263 1606 qui
286 1526 473 1605 supplicibus
497 1544 599 1587 eorum
622 1528 800 1588 nocuissent
822 1534 873 1587 aut
895 1545 955 1586 non
978 1526 1166 1603 gravioribus
1182 1526 1287 1605 poenis

117 1679 135 1705 ι
210 1611 289 1672 affici
314 1610 365 1689 qui
387 1610 563 1687 religionem
586 1611 758 1672 minuerent
779 1629 868 1689 quam
892 1610 942 1689 qui
965 1611 1035 1671 lana
1057 1610 1234 1690 spoliarent

170 1691 190 1760 5
297 1695 372 1755 Post
392 1694 451 1753 hoo
473 1694 785 1781 proelium‘collatum
809 1694 1031 1756 omneaebellum
1054 1703 1101 1755 est
1128 1695 1210 1756 circa
1234 1695 1287 1756 Co-

171 1783 189 1839 2
213 1779 344 1840 rinlhum
373 1777 508 1856 ideoque.
532 1779 720 1840 Corinthium
750 1787 797 1841 est
824 1778 1015 1858 appellatum.
1060 1779 1117 1839 Hic
1141 1797 1209 1840 cum
1232 1797 1288 1839 una

126 1892 131 1895 ·
208 1880 308 1942 pugna
340 1861 444 1922 decem
472 1862 554 1923 milia
582 1864 714 1924 hostium
732 1862 886 1941 -dge'silao
915 1863 991 1923 duee
1019 1863 1204 1941 cecidissent
1239 1881 1286 1924 eo-

210 1965 268 2026 que
291 1948 368 2007 lacto
392 1964 466 2024 opes
495 1947 734 2009 adversariorum
757 1947 929 2009 debilitatae
957 1948 1145 2020 viderentur,
1173 1955 1285 2009 tantum

177 2101 180 2111 ¹
210 2030 286 2092 aluit
319 2030 355 2090 ab
389 2030 551 2092 insolentia
585 2032 698 2109 gloriae
732 2040 765 2092 ut
798 2032 1028 2093 commiseratus
1063 2032 1103 2091 sit
1139 2033 1285 2092 loctunam

210 2114 364 2186 Graeciae,
387 2114 466 2195 quod
489 2123 549 2175 tam
571 2117 656 2178 multi
680 2137 696 2177 a
718 2135 751 2177 se
772 2116 843 2176 victi
865 2116 937 2176 vitio
961 2114 1284 2182 adversariorumoon·

209 2199 371 2260 cidissent:
396 2217 524 2277 namque
547 2199 597 2260 illa
620 2200 820 2269 multitudine,
844 2200 870 2260 si
894 2219 967 2261 sana
989 2219 1075 2261 mens
1097 2209 1179 2262 esset
1199 2201 1284 2262 Grae-

142 2324 145 2328 ·
169 2288 187 2345 3
210 2283 284 2356 cias,
309 2281 491 2361 supplicium
512 2284 624 2345 Persas
646 2286 718 2359 dare
735 2284 883 2365 potuisse.
916 2284 999 2346 ldem
1015 2303 1082 2346 cum
1098 2285 1282 2347 adversarios

242 2483 265 2533 6.
302 2485 345 2533 lori
361 2500 397 2533 ue.
415 2480 451 2529 Es
468 2495 557 2530 waren
575 2496 623 2531 nur
640 2496 719 2544 gegeu
772 2484 832 2532 cher
856 2483 896 2532 die
920 2484 990 2533 Rede
1022 2484 1055 2533 ist
1086 2485 1168 2534 10000
1194 2483 1283 2533 llciude

208 2550 248 2601 80.
296 2564 334 2598 en.
346 2501 495 2606 11111103,
508 2550 547 2599 20.
560 2548 617 2613 [Ag.
629 2551 652 2608 2,
666 2548 720 2616 l3.]
771 2550 880 2613 gelalleu
899 2552 942 2601 hat
953 2548 984 2600 N.
1006 2550 1051 2600 mit
1069 2551 1115 2600 der
1132 2551 1283 2613 5111161111-

241 2618 265 2668 8.
285 2616 443 2667 Pseudoxeu.
456 2618 494 2672 ll,
507 2618 519 2666 1
530 2613 651 2682 νομίζων
660 2610 720 2666 dlo-
771 2618 879 2681 zihlung
891 2633 935 2668 aus
951 2618 1108 2668 Pseudoxen.
1118 2619 1165 2680 Ag.
1177 2621 1200 2676 7,
1213 2621 1227 2670 5
1245 2633 1284 2681 ge·

206 2700 258 2750 γον
274 2674 344 2733 εἶναι
361 2678 425 2735 τοὺς
433 2745 440 2762 Ι
441 2678 500 2799 plin
521 2679 550 2740 ἐξ
567 2678 649 2765 ioquin
666 2683 720 2734 κλέ-
771 2701 892 2735 nommen.
912 2685 981 2735 Aher
1000 2686 1039 2735 dic
1059 2685 1122 2736 Zahl
1141 2686 1283 2736 1611161161-

205 2767 325 2805 πτοντας
349 2745 426 2820 lepos
457 2767 503 2804 ouo
531 2749 629 2808 καλειν,
657 2748 721 2805 τοὺς
771 2752 820 2802 lich
839 2753 1024 2803 dhertriehen.‘
1043 2752 1113 2803 Naoh
1132 2752 1206 2803 Diod.
1216 2753 1279 2803 XlV.

95 2871 103 2877 ,
206 2815 236 2868 δὲ
272 2818 376 2884 βωμῶν
400 2812 499 2873 ’ἱκέτας
537 2812 721 2874 ἀποσπῶντας
771 2821 896 2872 83116161
915 2823 982 2874 2800
1001 2822 1103 2871 Feinue.
1141 2820 1279 2879 Xenllell.

205 2879 321 2949 εὐσεβεῖς
339 2880 474 2950 ἡγεῖσθαι.
514 2890 628 2952 Sacrileqi
655 2889 720 2936 nts-
771 2887 1035 2951 theupholeos.
1049 2888 1279 2954 lh.apophth.Lan

200 2966 251 2999 sen
268 2952 324 3000 hier
346 2951 372 2999 in
397 2952 443 3001 der
460 2967 554 3014 engeru
572 2953 720 3017 Bedeutuug
771 2957 818 3007 211
844 2972 922 3019 sageu
945 2957 1077 3020 allgemein
1102 2971 1129 3005 es
1156 2957 1210 3006 sein
1230 2958 1283 3006 sehr

206 3017 244 3066 als
265 3017 475 3083 ‘Tempelrauher’
493 3021 590 3082 gelasst
605 3023 716 3071 werden.
770 3023 836 3072 viele
861 3023 983 3086 gelallen3
1012 3039 1067 3073 was
1092 3024 1154 3073 nach
1179 3019 1283 3088 griechiss

206 3083 253 3134 Die
261 3083 356 3162 Worte
375 3095 414 3136 cot
426 3093 646 3153 non-spoliarent
663 3089 719 3138 siud
771 3091 845 3140 scheu
855 3091 1047 3145 Verhailtnissen
1066 3093 1111 3141 der
1128 3107 1179 3140 von
1190 3092 1283 3151 Diodor

205 3151 257 3201 wol
275 3166 363 3213 ergner
379 3151 473 3201 Zusatz
492 3153 536 3201 des
552 3152 584 3203 N.
623 3155 659 3203 Er
676 3157 720 3205 hat
771 3159 948 3221 angegeheneu
973 3160 1036 3209 Zahl
1059 3175 1122 3221 ganz
1147 3161 1280 3226 euspricht

206 3219 247 3268 die
265 3218 502 3281 Beeiutrdohtiguug
520 3220 566 3268 der
583 3220 720 3273 llhrlnrcht
771 3224 823 3275 Der
849 3227 999 3292 Ausspruoh
1025 3227 1069 3276 des
1097 3228 1174 3288 Agcs.
1208 3227 1285 3277 sclhst

205 3301 285 3349 gegen
304 3285 344 3335 die
364 3285 454 3335 Gdtter
478 3286 516 3336 als
540 3288 613 3337 einen
633 3290 719 3352 geisti·
771 3293 834 3342 aher
844 3294 971 3344 erscheint
983 3295 1044 3343 nach
1058 3294 1228 3359 Ermittelung
1241 3297 1284 3344 dcr
1356 3280 1357 3305 ¹

206 3369 254 3417 gen
279 3352 446 3419 Tempelrauh
476 3352 533 3404 dem
563 3357 720 3408 materiellen
770 3361 875 3409 wahren
904 3361 966 3411 Zahl
994 3362 1032 3411 als
1065 3361 1199 3412 crdiohtet„
1239 3364 1284 3412 ltin

206 3420 550 3493 gegendherstellenwolleu,
573 3424 635 3474 aher
652 3426 721 3476 nicht
771 3428 858 3490 eiguer
876 3422 983 3478 lrrthum
1008 3430 1052 3479 des
1070 3427 1101 3479 N.
1123 3430 1157 3479 ist
1180 3446 1209 3480 es
1228 3431 1284 3480 dass

205 3488 313 3539 bedacht
337 3490 395 3538 dass
415 3489 500 3539 dieser
517 3492 580 3556 ohne
598 3493 719 3543 Missach·
770 3495 816 3556 Ag.
845 3495 869 3544 in
894 3497 979 3546 dieser
996 3490 1113 3547 Schlacht
1138 3498 1284 3555 (161101161-

204 3565 266 3620 tung
283 3557 330 3606 der
348 3556 438 3607 Gdtter
456 3557 523 3608 nicht
544 3559 657 3610 denhhar
675 3561 715 3610 ist.
770 3561 855 3611 helehl
873 3565 964 3624 gehaht
981 3566 1058 3615 hahe:
1081 3565 1145 3614 deun
1163 3566 1202 3614 sic
1213 3564 1284 3616 ward

239 3644 317 3676 eorum
333 3624 435 3674 hezicht
458 3626 512 3675 sich
532 3627 579 3675 aul
594 3631 719 3680 simulacra
770 3629 819 3678 ihm
837 3628 1283 3693 3611161161,11156111116111111161-

205 3710 303 3771 orouqqe
321 3692 395 3773 iffi
416 3693 715 3745 heiPseudoxeu.a.a.0.
769 3696 842 3759 wege
861 3713 906 3748 aus
924 3700 1001 3749 Asien
1025 3701 1049 3749 iu
1067 3700 1223 3767 Amphipolis
1250 3701 1283 3763 (iu

203 3761 244 3823 βω
268 3776 307 3807 ων
326 3758 420 3813 ettae.
577 3772 581 3777 ’
769 3763 903 3830 Thracian)
921 3783 985 3817 war.
1173 3763 1177 3769 ’

243 3863 268 3903 ι.
291 3829 313 3877 1.
344 3826 387 3875 Bis
406 3826 445 3876 01.
454 3829 627 3884 98‚2=387.
665 3828 718 3879 heu
803 3839 892 3899 plorioe
920 3836 971 3885 ‘des
990 3834 1096 3895 Ruhms’,
1130 3835 1204 3884 nimi.
1237 3837 1282 3885 den

203 3889 283 3970 Krieg
299 3894 373 3942 ward
397 3909 444 3943 nur
467 3896 653 3960 hauptsaiohlich
677 3913 717 3949 um
770 3915 798 3950 er
815 3901 867 3950 sich
886 3910 954 3952 etwa
971 3902 1167 3965 zugeschriehcu
1186 3904 1262 3953 hatte.

205 3957 307 4008 Corinth
327 3961 434 4039 gelirhrt.
713 3982 716 3988 ·
803 3969 826 4018 3.
846 3971 869 4019 4.
891 3968 967 4020 Diese
983 3970 1131 4020 Geschichte
1153 3971 1221 4020 wird
1239 3986 1281 4021 au·

238 4026 261 4076 2.
283 4025 347 4076 Dans
366 4044 391 4076 m
410 4028 637 4082 derSchlaohtvon
652 4032 717 4082 wel·
768 4037 880 4086 sserdem
898 4037 974 4088 allelu
997 4054 1045 4087 von
1064 4038 1277 4100 Pseudoxenrhq.
