2750 4768
170 440 260 507 tot.
544 451 640 504 xxm.
661 449 841 502 mnemon.
863 453 903 504 aa.
968 446 974 450 ’
1028 424 1035 437 ’
1066 437 1072 463 ’

209 615 347 689 possent,
369 605 677 685 comprebeuderent3
700 606 799 666 locum
821 604 872 666 ubi
896 609 979 665 esset
997 604 1085 665 lacile
1100 606 1292 666 inventuros.

210 691 359 755 Hannibal
388 691 468 751 enim
496 708 557 751 uno
586 690 654 751 loco
682 709 716 750 se
744 689 866 750 tenebat
895 689 926 748 in
955 688 1079 750 castello
1109 689 1189 768 quod
1219 689 1247 749 ei
1273 708 1293 749 a

210 794 282 855 rege
304 776 404 837 datum
427 782 492 835 erat
513 775 629 835 muneri
652 774 743 853 idque
766 776 812 834 sic
834 773 1009 835 aedificarat
1035 782 1068 834 ut
1092 774 1124 834 in
1146 774 1292 834 omnibus

209 861 347 941 partibus
371 859 499 920 aedificii
522 859 618 923 exitus
640 860 778 931 baberet,
807 858 926 919 scilicet
950 877 1058 919 verens
1080 868 1124 919 nc
1150 877 1209 919 usu
1236 876 1292 919 re-

169 942 1293 1023 lmwfflfflwmfflwmmt

210 1046 245 1091 ac
267 1028 458 1090 multitudine
480 1028 601 1088 domum
624 1029 690 1089 eius
712 1027 998 1099 circumdedissent,
1042 1046 1117 1105 puer
1137 1026 1175 1088 ab
1199 1027 1293 1087 ianua

209 1113 402 1194 prospiciens
434 1112 594 1173 Hannibali
629 1112 704 1173 dixit
739 1114 841 1193 plures
880 1120 1001 1191 praeter
1038 1112 1293 1172 consuetudinem

210 1206 342 1258 armatos
366 1215 522 1276 apparere.
567 1197 625 1270 Qui
654 1197 812 1275 imperarit
840 1196 869 1257 ei
902 1205 935 1256 ut
962 1214 1068 1257 omnes
1101 1197 1182 1257 lores
1206 1196 1292 1256 aedi-

210 1281 271 1342 ficii
295 1282 467 1342 circumiret
488 1300 523 1342 ac
546 1300 674 1361 propere
697 1281 755 1342 sihi
783 1282 935 1342 nuntiaret
963 1299 1033 1341 num
1062 1281 1169 1341 eodem
1196 1281 1291 1341 modo

169 1366 343 1445 bundique
366 1365 566 1427 obsideretur.
615 1367 695 1427 Puer
721 1385 789 1426 cum
817 1365 955 1425 celeriter
980 1365 1051 1443 quid
1074 1373 1157 1425 esset
1178 1383 1292 1425 renun-

211 1449 318 1511 tiasset
340 1449 498 1527 comisque
521 1451 618 1512 exitus
641 1459 805 1529 occupatos
828 1449 1026 1521 ostendisset,
1054 1449 1151 1509 sensit
1172 1449 1204 1508 id
1227 1467 1292 1509 non

210 1533 335 1593 fortuito
363 1534 474 1594 lactum
503 1535 557 1595 sed
587 1554 620 1595 se
652 1535 714 1614 peti
743 1552 840 1612 neque
869 1533 927 1594 sibi
957 1532 1070 1594 diutius
1099 1533 1191 1593 vitam
1220 1551 1292 1594 esse

209 1616 408 1678 retinendam.
452 1618 559 1694 ,Quam
593 1637 631 1679 ne
666 1619 765 1680 alieno
800 1618 924 1678 arbitrio
959 1617 1139 1688 dimitteret,
1175 1635 1319 1678 memor.

209 1701 406 1780 pristinarum
440 1702 581 1763 virtutum
609 1721 756 1763 venenum
784 1703 864 1781 quod
893 1719 1012 1780 semper
1040 1720 1140 1762 secum
1178 1701 1291 1763 babere

211 1795 408 1846 consueverat
430 1786 568 1866 sumpsit.

167 1865 211 1936 13
299 1870 349 1931 Sic
370 1870 416 1931 vir
439 1871 620 1931 fortissimus
643 1870 745 1931 multis
767 1870 917 1949 variisque
934 1871 1115 1948 perfunctus
1132 1869 1290 1930 laboribus

210 1946 302 2014 auno*
321 1954 471 2033 acquievit
503 1956 737 2034 septuagesimo.
794 1955 910 2027 Quibus
938 1953 1113 2014 consulibus
1141 1955 1292 2014 interierit

208 2056 269 2098 non
293 2039 442 2100 convenit.
489 2039 623 2119 Namque
646 2040 766 2101 Atticus
784 2040 822 2099 M.
839 2038 962 2100 Claudio
980 2038 1120 2099 Marcello
1144 2039 1180 2110 Q.
1195 2038 1290 2099 Fabio

209 2121 352 2184 Labeone
376 2123 549 2185 consulibus
572 2134 721 2185 mortuum
744 2124 775 2184 in
798 2123 896 2184 annali
920 2141 975 2182 suo
996 2123 1140 2200 scriptum
1156 2122 1290 2200 reliquit,

25 2256 33 2263 .
211 2216 241 2266 at
264 2205 406 2285 Polybius
429 2208 463 2268 L.
486 2209 612 2269 Aemilio
634 2209 729 2269 Paulo
744 2209 797 2269 Cn.
815 2208 928 2268 Baebio
944 2207 1112 2284 Tamphilo,
1136 2207 1291 2285 Sulpicius

74 2306 78 2313 ’
170 2295 189 2353 2
212 2298 309 2352 autern
334 2291 430 2352 illitbo
452 2292 485 2352 P.
503 2293 642 2354 Cornelio
659 2293 790 2370 Cethego
813 2292 851 2353 M.
868 2291 980 2352 Baebio
1001 2291 1171 2369 Tamphilo.
1193 2295 1291 2370 Atque

168 2554 175 2579 ,
246 2510 270 2559 5.
290 2510 402 2563 Pristiooe
418 2513 513 2561 virtutes
531 2509 597 2559 kann
613 2508 668 2559 bier
682 2524 724 2571 ge·
775 2506 831 2558 Tod
855 2508 899 2557 des
924 2506 1003 2556 Haun.
1031 2507 1055 2555 in
1087 2507 1204 2557 dasselbe
1227 2507 1291 2557 Jahr

211 2583 269 2637 sagt
285 2574 340 2623 sein
359 2575 399 2625 iiir
420 2575 469 2624 ‘die
485 2576 623 2626 trefflicheu
634 2576 726 2638 uigen—
775 2575 825 2624 wie
839 2574 937 2624 Atticus
953 2581 1042 2624 setzte.
1063 2574 1123 2624 Dice
1141 2575 1208 2625 wird
1226 2577 1289 2625 aucb

212 2637 326 2692 scholion
344 2642 439 2692 welche
464 2658 493 2692 er
518 2644 605 2693 lrdhcr
626 2644 727 2706 gezeigt
776 2643 838 2691 nocb
874 2643 951 2691 durcb
987 2642 1032 2691 des
1066 2641 1154 2692 Livius
1185 2643 1290 2705 Angabe

213 2709 297 2758 batte’.
318 2709 356 2759 Da
371 2710 463 2775 jedoch
482 2711 538 2760 bier
555 2726 602 2760 nur
620 2712 660 2761 die
678 2717 726 2762 uir·
776 2709 910 2771 (XXXIX.
921 2711 963 2766 52)
976 2710 1034 2758 dass
1045 2708 1166 2776 Polybius
1176 2711 1224 2759 deu
1234 2709 1290 2760 Tod

213 2786 249 2829 tue
274 2776 307 2825 im
333 2792 426 2839 engere
452 2777 527 2828 Sinna
557 2778 581 2828 in
606 2779 726 2828 Betraobt
777 2774 966 2843 desscipio'in
985 2776 1229 2840 diesdahrgesetzt
1245 2778 1289 2828 be·
1371 2836 1372 2843 ἵ

211 2842 316 2903 lrornmt‚
351 2861 378 2894 eo
406 2845 503 2895 scheint
531 2861 559 2895 es
588 2847 727 2913 paesender
777 2845 878 2907 stitigt:
906 2845 970 2893 deun
989 2836 1108 2911 Polybiirs
1137 2847 1205 2895 hatte
1224 2845 1290 2896 Han·

183 2915 307 2963 ‘uirtutes
331 2911 368 2961 als
393 2913 433 2962 dic
451 2913 644 2977 Acuseeruugen
669 2915 726 2963 der·
778 2912 871 2969 nibals.
917 2911 1014 2978 Scipios
1044 2928 1068 2960 u.
1100 2912 1289 2979 Philopoemene

212 2976 307 3035 selben,
332 2980 546 3040 ‘ausgezeichnete
561 2979 673 3040 Thalen,
695 2997 726 3030 zu
776 2979 832 3036 'lod
855 2981 880 3029 in
904 2980 945 3029 eiu
968 2979 1031 3029 Jahr
1055 2988 1154 3042 gesctzt
1188 2981 1286 3048 (Polyb.

213 3043 307 3094 lesscn.
328 3046 361 3096 So
380 3045 441 3097 Tac.
452 3046 536 3097 Germ.
549 3051 579 3100 18
597 3069 626 3102 oe
636 3069 660 3101 ee
674 3068 725 3101 mo·
775 3046 872 3098 XXlV.
889 3047 934 3099 ab.
949 3049 983 3108 91.
1038 3047 1160 3097 Derselbe
1202 3048 1288 3098 Livius

212 3116 257 3163 tier
274 3122 340 3164 extre
356 3118 465 3166 virtutum
482 3121 631 3179 capitatione
648 3129 725 3169 extro·
775 3116 859 3164 macht
892 3115 944 3164 sich
978 3115 1075 3164 lreilich
1109 3116 1180 3165 einer
1207 3115 1289 3165 Nach-

214 3197 257 3246 que
275 3184 387 3232 bellorum
405 3199 472 3233 coece
489 3193 560 3247 putot.
689 3200 693 3204 ·
775 3182 1285 3246 laissigkeitscbuldig‚indehrchXXlX.

247 3241 292 3303 13.
316 3249 338 3298 1.
359 3246 406 3296 llic
424 3248 479 3298 hier
497 3251 643 3299 erwdhntcn
662 3249 726 3300 Con·
776 3254 806 3302 51
827 3251 875 3300 dea
893 3249 948 3300 Tod
967 3251 1011 3300 des
1028 3250 1152 3301 Hannibal
1170 3252 1288 3302 obneBe·

213 3312 268 3363 suln
288 3313 363 3363 fallen
382 3314 406 3364 in
425 3316 471 3366 der
482 3316 654 3381 Reibenlolge,
675 3319 726 3368 wie
748 3321 755 3330 '
777 3319 873 3368 denlrcn
900 3319 932 3367 itu
949 3318 972 3367 J.
994 3321 1110 3370 bllau.
1137 3320 1240 3378 erz5hlt,
1264 3336 1284 3368 c.

213 3380 250 3431 sie
269 3378 300 3432 N.
322 3381 437 3442 nullibrt
467 3384 492 3433 in
511 3386 551 3435 die
569 3385 645 3436 Jabrc
664 3389 722 3445 ott,
776 3389 842 3444 56.r
863 3386 925 3435 aber
942 3402 969 3435 es
988 3386 1025 3435 als
1041 3394 1122 3436 etwas
1131 3388 1288 3437 Besonderee

214 3450 271 3507 512.
293 3452 420 3508 573a.u.;
444 3454 498 3510 183.
517 3455 572 3512 182,
591 3453 723 3506 tetam.
775 3454 891 3504 erwdhnt
914 3454 973 3503 dass
996 3453 1114 3505 Valerius
1132 3456 1220 3505 Antias
1246 3456 1288 3504 be·

212 3516 278 3567 Dass
303 3517 344 3568 die
369 3522 515 3581 'genannten
544 3521 727 3572 Schril'tstcllcr
774 3522 855 3572 ricbte
873 3520 954 3571 Hann.
976 3522 1012 3570 sci
1031 3522 1055 3571 in
1075 3522 1130 3572 dem
1149 3532 1286 3586 geuauuten

213 3585 287 3647 (tiber
301 3585 397 3635 welche
415 3603 472 3637 man
484 3588 508 3637 d.
520 3588 585 3638 Einl.
599 3589 662 3653 ogr)
681 3590 726 3639 das
775 3589 838 3639 Jahr
855 3589 997 3651 gestorbcn.
1036 3591 1105 3639 Auch
1127 3591 1167 3640 die
1186 3590 1284 3653 Angabc

213 3668 269 3702 was
287 3651 318 3702 N.
339 3663 396 3716 eagt
413 3656 541 3705 erziibltcn
559 3656 723 3707 bericbtetN.
776 3658 821 3707 des
844 3655 876 3707 N.
911 3658 974 3707 iiber
998 3657 1134 3707 Hannibale
1160 3658 1233 3708 Alter
1254 3658 1285 3707 iet

214 3717 304 3769 allein:
332 3720 456 3788 Sulpicius
479 3723 561 3773 Blitho
585 3724 652 3773 wird
677 3725 727 3773 nir·
778 3724 856 3774 lalsch
882 3725 930 3775 und
949 3727 1016 3775 steht
1033 3726 1078 3774 mit
1096 3725 1182 3776 scinco
1201 3727 1286 3789 cignea

213 3788 292 3850 gends
310 3788 402 3839 andere
420 3792 543 3841 erwahnt.
580 3791 647 3841 Wue
666 3792 729 3842 uber
776 3792 897 3855 dugeben
916 3792 1019 3851 Hem3,
1032 3796 1054 3843 1.
1067 3793 1146 3843 Harm.
1158 3795 1286 3851 2‚2.3‚.l.2

215 3854 263 3903 den
281 3855 400 3922 Polybius
418 3857 525 3917 botrin,
558 3874 585 3908 so
604 3860 664 3921 geht
682 3875 727 3909 aue
778 3862 809 3909 im
834 3859 1033 3926 Widersprucb:
1064 3863 1284 3919 otto.u..183v.

215 3921 534 3976 dcnUebcrrestenecines
549 3928 727 3977 assentaneus
779 3928 823 3977 Cb.
849 3943 906 3978 war
933 3929 1012 3977 Hann.
1033 3931 1065 3980 63
1083 3928 1146 3979 Jabr
1163 3930 1200 3980 alt
1217 3939 1288 3994 tezo

214 3990 245 4051 (c.
259 3992 350 4049 t—tot
368 3991 459 4042 berver
477 3994 535 4044 dass
553 3991 584 4044 N.
605 3995 668 4045 tiber
685 3996 727 4044 ihu
778 3995 848 4045 Ham.
860 3998 882 4053 3,
895 4000 917 4047 l.
927 3995 1006 4045 Hann.
1018 3998 1040 4055 3,
1052 3998 1085 4056 21.

214 4054 294 4106 leisch
320 4056 443 4109 berichtot
466 4061 516 4110 uod
542 4061 601 4112 dass
625 4078 654 4112 er
678 4063 726 4112 den
811 4064 836 4114 2.
856 4063 911 4114 Voo
930 4063 1067 4114 Hannibale
1080 4064 1287 4115 Sebriltstellerei
