2750 4768
474 432 575 516 xxv.
595 462 745 519 at'rlcds.
764 466 789 518 a.
1130 453 1190 523 175

83 637 115 685 tn
147 619 267 683 exilium
301 615 573 698 proficiscerentur.
621 617 753 691 Atticus,
786 617 836 697 qni
868 618 1026 697 pecuniam
1060 619 1190 683 simulb

83 721 151 767 mm
169 703 282 765 ceteris
305 703 442 763 conferre
464 703 600 764 noluerat
620 703 738 764 florenti
759 701 803 767 illi
816 702 903 782 parti,
927 703 1043 765 abiecto
1056 705 1149 769 bruto

83 787 229 866 Italiaque
253 787 369 849 cedenti
394 787 440 849 HS
469 798 588 851 centum
618 787 699 853 milia
727 787 844 849 muneri
871 787 967 859 misit,
999 789 1149 850 eidemin

81 870 177 952 Epiro
205 873 315 933 absens
344 879 474 932 trecenta
504 871 592 934 iussit
620 872 699 944 dari,
729 891 826 952 neque
854 891 890 933 eo
918 871 1013 951 magis
1034 873 1149 952 potenti
1177 942 1182 949 ,

82 957 220 1019 adulatus
242 966 291 1019 est
310 956 438 1039 Antonio
460 976 557 1036 neque
579 957 755 1036 desperatos
777 956 907 1036 reliquit.

102 1044 106 1053 '
169 1042 309 1104 Secutum
332 1051 380 1103 est
401 1040 510 1105 bellum
533 1050 648 1119 gestum
676 1041 755 1121 apud
775 1041 929 1107 Mutinam.
972 1042 1006 1103 ln
1035 1060 1094 1120 qno
1123 1038 1192 1109 sib

18 1138 24 1147 ·
84 1135 198 1191 tanturn
222 1145 288 1188 eum
311 1127 488 1206 prudentem
510 1127 623 1199 dicam,
650 1127 749 1188 minus
771 1145 860 1206 quam
882 1126 1007 1189 debeam
1032 1127 1151 1206 praedi-

7 1214 8 1219 ’
61 1222 162 1284 cent,
182 1229 250 1271 cnm
271 1211 321 1272 ille
342 1211 443 1291 potius
466 1211 583 1274 divinus
611 1211 715 1284 buerit,
747 1211 774 1272 si
803 1211 946 1273 divinatio
974 1211 1150 1290 appellanda

7 1294 9 1375 ξ
82 1304 132 1357 est
153 1305 295 1376 perpetua
319 1296 462 1359 naturalis
483 1296 602 1363 bonitas
624 1315 700 1376 quae
721 1296 811 1358 nullis
834 1296 953 1359 casibus
974 1295 1072 1375 agitur
1096 1315 1150 1358 ue-

7 1382 9 1433 l
82 1399 142 1459 que
164 1380 318 1443 minuitur.
362 1380 465 1443 llostis
487 1381 633 1457 duronius
647 1381 794 1443 indicatus
809 1381 893 1444 ltalia
908 1390 1057 1454 cesserat}
1079 1399 1150 1461 spes
1173 1384 1191 1442 2

7 1474 9 1549 ζ
83 1465 262 1529 restituendi
291 1464 371 1528 nulla
401 1476 474 1533 erat.
523 1466 590 1528 Non
618 1467 716 1527 solum
744 1466 874 1539 inimici,
903 1465 953 1544 qui
982 1477 1042 1531 tum
1066 1473 1151 1531 erant
1170 1486 1195 1537 n
1215 1422 1323 1511 Nm*

7 1558 9 1593 r
81 1549 285 1629 potentissimi
316 1559 346 1612 et
373 1549 508 1630 plurimi,
541 1550 596 1612 sed
622 1552 710 1613 etiam
740 1551 790 1630 qui
819 1534 996 1613 adiersariis
1025 1551 1092 1612 eius
1116 1570 1150 1615 se

7 1660 8 1705 r
81 1634 194 1697 dabant
221 1643 251 1695 et
277 1635 308 1696 in
338 1655 374 1698 eo
403 1636 547 1699 laedendo
575 1635 704 1714 aliquam
739 1646 953 1699 consecuturos
989 1636 1150 1715 sperabant

7 1738 8 1743 ¹
82 1721 325 1782 commoditatem
346 1720 469 1783 Antonii
491 1721 655 1783 familiares
677 1721 919 1801 insequebantur,
942 1740 1064 1783 uxorem
1080 1721 1150 1785 Ful·
1251 1790 1257 1803 „

7 1844 8 1883 n
81 1802 160 1864 riam
186 1804 326 1867 omnibus
354 1806 445 1867 rebus
473 1805 605 1886 spoliare
632 1805 808 1885 cupiebant,
843 1805 955 1868 liberos
983 1807 1150 1868 etiam'ex·

7 1892 9 1907 ¹
80 1888 235 1967 stinguere
256 1890 410 1969 parabant.
453 1890 568 1953 Atticus
595 1909 662 1952 cum
686 1890 840 1953 Ciceronis
868 1890 972 1952 intima
996 1890 1191 1953 familiari-3

7 2000 11 2055 r
80 1980 306 2047 incuteretur,
329 1975 530 2055 amicissimus
551 1983 634 2036 esset
652 1975 769 2049 Bruto,v
791 1994 851 2036 non
879 1975 969 2036 modo
997 1975 1073 2035 nihil
1101 1975 1150 2036 bis

7 2074 8 2077 ¹
80 2056 207 2121 indulsit
233 2060 270 2120 ad
297 2059 457 2121 Antonium
486 2059 657 2121 violandum
685 2060 739 2121 sed
768 2079 785 2121 e
816 2058 964 2121 contrario
986 2058 1162 2121 familiares·
1229 2076 1233 2085 ’

7 2200 9 2229 q
79 2141 147 2203 eius
168 2162 204 2207 ex
225 2143 299 2206 urbe
321 2144 524 2223 profugientes
547 2153 688 2222 quantum
709 2143 807 2222 potuit
826 2143 908 2216 texit,
930 2142 1038 2223 quibus
1059 2143 1149 2207 rebus

81 2225 274 2304 indiguerunt
294 2228 426 2289 adiuvit
459 2229 492 2289 P.
507 2246 584 2289 ,vero
606 2227 764 2288 Volumnio
786 2247 819 2289 ea
842 2227 947 2289 tribuit
971 2237 1005 2290 ut
1025 2228 1109 2308 plura
1132 2235 1190 2291 ad

80 2318 205 2391 parente
233 2312 385 2391 proficisci
413 2331 473 2374 non
502 2312 664 2393 potuerint
708 2313 775 2393 Ipsi
799 2321 895 2375 autem
918 2312 1053 2387 ruinae,
1082 2333 1150 2379 cum
1191 2321 1197 2339 '

8 2464 9 2475 q
79 2394 184 2461 litibus
206 2397 407 2459 destinaretur
428 2398 605 2477 magnisque
627 2397 794 2461 terroribus
815 2407 977 2472 renuetur,
1000 2407 1081 2461 tanta
1103 2399 1148 2460 di·

8 2484 9 2513 ²
81 2479 204 2558 ligantia
227 2482 358 2544 officium
388 2502 474 2544 suum
502 2482 650 2562 praestitit
677 2491 710 2544 ut
730 2484 843 2545 nullum
865 2483 915 2545 illa
937 2483 1049 2545 stiterit
1067 2484 1149 2545 radi-

80 2566 213 2631 monium
242 2566 308 2628 sine
332 2567 451 2651 altico,
482 2586 612 2647 sponsor
639 2567 771 2630 omnium
799 2587 898 2630 rerum
927 2568 1025 2629 fuerit.
1069 2568 1189 2641 Quina

8 2676 29 2729 y
79 2648 181 2724 etiam,
203 2670 270 2713 cum
292 2652 342 2713 illa
365 2653 490 2735 fundum
509 2653 639 2715 secunda
660 2653 780 2715 fortuna
802 2652 926 2715 emisset
946 2652 977 2715 in
1000 2652 1079 2713 diem
1094 2672 1147 2714 ne-

78 2753 138 2813 que
160 2745 230 2814 post
251 2736 448 2812 calamitatem
470 2756 623 2799 versuram
644 2739 744 2800 facere
766 2737 929 2817 potuisset,
963 2737 1014 2798 ille
1040 2757 1074 2798 se
1102 2738 1148 2799 iu·

8 2830 9 2833 ’
48 2896 63 2907 κ
76 2821 230 2899 terposuit
249 2821 467 2901 pecuniamque
496 2822 562 2884 sine
590 2823 694 2884 fenore
721 2822 846 2902 sineque
876 2822 935 2884 ulla
957 2822 1148 2909 stipulatione

8 2964 9 2979 q
75 2903 206 2965 credidit
227 2906 387 2967 maximum
409 2900 583 2971 existimans
605 2915 759 2987 quaestum
784 2925 946 2969 memorem
974 2916 1147 2988 gratumque

8 3056 17 3087 ¹·
77 3069 158 3133 tigten
175 3070 228 3121 sieb
245 3072 307 3123 aber
325 3072 371 3124 der
387 3071 509 3125 d‘stlicben
525 3075 588 3128 Pro-
639 3075 711 3138 gend.
740 3074 844 3135 c.1o‚6
861 3075 944 3127 rilint
962 3091 991 3127 er
1006 3075 1052 3126 mit
1067 3076 1148 3128 Recbt

77 3138 167 3188 vinzen
185 3140 234 3190 und
251 3142 365 3193 mistaten
382 3156 439 3195 zum
456 3142 543 3208 llricg.
638 3158 685 3193 nnn
702 3143 743 3194 dio
760 3148 885 3210 singularia
899 3148 1031 3212 prudentie

8 3226 9 3259 r
111 3208 136 3260 6.
156 3212 283 3276 ἱπΕφίτω·
311 3210 349 3261 als
373 3225 403 3261 er
426 3210 538 3276 (Brutus)
561 3213 587 3262 in
671 3211 919 3265 thesaurarius
943 3212 1061 3263 dussiebt
1083 3212 1147 3263 babo

8 3308 9 3311 =
75 3271 124 3341 Ep.
143 3290 207 3325 war.
637 3279 689 3333 aiob
706 3280 805 3333 wieder
821 3296 853 3332 zu
870 3280 980 3331 erhaben
1001 3282 1094 3330 konnte
1112 3280 1148 3330 ei·

111 3360 183 3408 neqoe
206 3343 294 3411 kndpft
323 3345 391 3396 niobt
419 3361 450 3396 en
479 3349 587 3399 sondern
637 3362 693 3399 nem
715 3347 807 3412 blugen
834 3350 882 3400 und
906 3349 952 3399 der
974 3346 1147 3400 Verbdltnisse

76 3409 215 3476 eutspricbt
232 3412 288 3462 dem
305 3412 438 3477 folgenden
455 3435 535 3484 neqoe
637 3415 762 3480 kundigen
778 3417 868 3468 Manne
891 3417 940 3468 wie
958 3410 1056 3467 At'ticus
1079 3415 1148 3466 nicht

112 3473 141 3533 9.
165 3479 186 3528 l.
207 3494 230 3529 a.
240 3483 330 3539 ulli,
340 3498 365 3531 v.
375 3481 419 3532 Cb.
428 3485 469 3538 43.
536 3531 539 3541 ,
635 3483 777 3550 verborgen
794 3486 856 3536 scin.

111 3549 211 3609 debeone,
237 3545 259 3596 si
281 3562 368 3598 verum
392 3549 477 3602 dicere
499 3551 583 3603 velim.
671 3555 695 3605 4.
717 3557 739 3606 P.
761 3551 1046 3608 rotomto.s.e.12.4-

76 3610 307 3674 S·³¹¹Th⁰¹1³·423·
670 3617 750 3673 titileia
768 3626 936 3673 destinaretur:
962 3617 1006 3668 'sie
1023 3617 1097 3681 ward
1114 3633 1145 3667 zu

110 3679 175 3730 Dass
203 3686 294 3734 dianus
324 3683 379 3734 bier
404 3686 589 3751 ‘weismgendq
636 3688 775 3738 Prozessen
808 3685 940 3738 bestimmt‘
975 3685 999 3741 d.
1017 3686 1040 3736 b.
1081 3693 1145 3736 ‘man

79 3747 303 3799 ‘seterbedeuret
317 3751 385 3814 zeigt
395 3753 440 3805 das
449 3754 584 3819 Folgende
635 3756 721 3806 wollte
739 3756 776 3805 sie
793 3755 819 3805 in
834 3755 957 3806 Proaesse
973 3753 1142 3804 verwiekeln'.

75 3813 109 3866 N.
128 3816 206 3867 meint
223 3818 267 3868 des
284 3818 383 3870 Atticus
397 3820 511 3873 llnndoln
528 3824 588 3888 ging
641 3827 694 3876 ’5.
727 3828 852 3877 monimum
885 3827 1019 3875 existimans
1044 3837 1140 3872 new.
1178 3852 1184 3861 ι

76 3885 165 3935 wodor
183 3885 355 3949 uusKlugbeit
373 3889 434 3937 nocb
453 3905 497 3943 ans
516 3890 587 3943 einer
635 3890 682 3942 biit
698 3890 787 3943 Fulvio
804 3907 829 3940 u.
850 3890 927 3941 ibrem
946 3890 1047 3940 frdberu
1057 3890 1139 3948 Manu,

77 3950 221 4017 Seborgabe
240 3956 332 4005 berver
348 3958 380 4016 (si
397 3962 534 4023 appellando
552 3969 586 4017 ost
635 3959 691 4010 dem
709 3958 904 4011 Volkstribunen
921 3956 1036 4016 clodius,
1063 3958 1142 4009 sowie

75 4021 162 4071 used
175 4038 223 4071 non
235 4030 275 4074 est
284 4029 360 4090 app),
376 4024 484 4074 eundern
496 4041 587 4078 eswar
634 4027 680 4077 mit
697 4027 725 4077 P.
736 4026 882 4078 Volumnius
889 4038 950 4077 'war
958 4026 1057 4094 Atticus
1067 4027 1143 4077 sebon

76 4085 266 4220 Rogana?
297 4091 508 4147 unwandelbaren
535 4094 586 4146 Tu·
635 4095 722 4147 unser
737 4090 887 4149 bermundo
912 4093 1148 4232 (οἰο.13ἑΙ,Αῑι.ΙΙ.9,
