2742 4766
179 423 231 515 '78
482 474 513 537 χ
646 463 680 515 x.
701 463 789 515 oron.
810 467 834 518 a.

231 610 336 680 tidiani
373 618 493 680 maximi
529 620 637 681 tierent
674 628 826 699 sumptus,
863 619 1002 681 celeriter
1033 617 1160 698 pecunia
1193 617 1295 679 deesse

159 763 162 771 ,
231 703 347 783 coepit3
369 722 466 783 neque
488 723 547 783 quo
569 722 674 766 manus
696 705 864 783 porrigeret
885 702 1065 784 suppetebat
1091 702 1203 765 nisi-in
1226 702 1293 763 ami-

232 806 334 849 corum
356 789 577 868 possessiones.
620 789 655 850 ld
678 789 827 851 eiusmodi
850 797 913 852 erat
935 797 984 863 ut,
1014 804 1080 850 cum
1106 787 1219 849 milites
1252 805 1294 849 re

189 879 207 936 3
230 873 430 947 conciliasset,
454 875 603 936 amitteret
625 875 795 953 optimates.
846 876 978 949 Quarum
1000 891 1196 942 rernmcura
1220 873 1293 933 iran-

230 958 354 1037 gehatur
374 968 404 1020 et
426 958 562 1021 insuetus
590 959 667 1021 male
697 958 838 1021 audiendi
861 979 922 1021 non
945 959 1043 1021 animo
1066 977 1161 1038 aequo
1185 957 1296 1019 terebat

229 1045 266 1105 de
289 1063 322 1104 se
344 1043 380 1104 ah
404 1043 440 1105 iis
470 1044 547 1105 male
578 1044 742 1105 existimari
771 1063 896 1124 quorum
925 1045 1014 1124 paulo
1037 1050 1106 1105 ante
1127 1044 1158 1104 in
1183 1043 1294 1103 caelum

229 1130 325 1191 luerat
346 1129 443 1190 elatus
463 1128 621 1207 laudibus„
660 1129 771 1207 Vulgus
799 1137 897 1191 autem
925 1130 1040 1190 otlensa
1068 1128 1098 1189 in
1129 1146 1198 1189 eum
1220 1126 1294 1187 mili·

228 1222 290 1275 tum
312 1213 462 1275 voluntate
484 1213 609 1275 liberius
630 1214 808 1294 loquebatur
830 1223 860 1276 et
880 1223 1038 1294 tyrannum
1060 1232 1119 1274 non
1142 1212 1295 1274 lerendum

186 1292 396 1363 8dictitahat.
452 1298 534 1359 llaec
561 1299 611 1361 ille
643 1300 763 1360 intuens
796 1318 863 1361 cum
898 1298 1146 1379 quemadmodum
1180 1297 1296 1358 sedaret

227 1383 359 1446 nesciret
387 1394 418 1444 et
445 1400 587 1462 quorsum
616 1385 776 1446 evaderent
802 1385 938 1457 timeret,
967 1383 1137 1446 Callicrates
1167 1382 1293 1461 quidam,

229 1467 303 1528 civis
325 1467 532 1542 Atheniensis,
562 1469 612 1548 qui
635 1468 724 1546 simul
747 1488 814 1530 cum
837 1488 872 1530 eo
900 1488 936 1531 er
963 1469 1174 1548 Peloponneso
1196 1466 1228 1527 iu
1250 1462 1294 1527 Si·

228 1551 326 1613 ciliam
350 1562 480 1627 venerat,
503 1554 593 1615 homo
616 1563 646 1614 et
669 1553 795 1615 callidus
818 1563 847 1615 et
870 1555 906 1616 ad
928 1553 1062 1615 lraudem
1086 1561 1208 1621 acutus,
1233 1549 1295 1611 sine

186 1638 205 1697 2
228 1637 286 1699 ulla
308 1637 453 1715 religione
476 1639 600 1711 aclide,
624 1639 686 1699 adit
707 1639 744 1700 ad
765 1638 889 1700 Dionem
913 1647 943 1700 et
964 1639 1020 1700 ait:
1046 1657 1113 1699 eum
1136 1634 1294 1712 magnoin

227 1716 362 1802 p'criculo
393 1741 462 1784 esse
490 1732 614 1803 propter
634 1723 834 1785 offensionem
855 1723 960 1803 populi
984 1731 1013 1784 et
1035 1723 1136 1783 odium
1157 1719 1293 1791 militum,

228 1807 308 1887 quod
331 1806 412 1868 nullo
435 1808 524 1869 modo
548 1808 659 1870 evitare
681 1817 794 1888 posset,
818 1808 878 1869 nisi
901 1808 989 1869 alicui
1006 1826 1129 1868 suorum
1144 1804 1294 1884 negotium

121 1900 124 1909 ’
227 1893 312 1952 daret
340 1891 390 1971 qui
424 1911 457 1954 se
486 1893 640 1954 simularet
669 1893 713 1954 illi
741 1894 905 1955 inimicum.
955 1894 1050 1967 Quem
1077 1891 1104 1952 si
1133 1890 1294 1952 invenisset

226 1977 383 2050 idoneum,
412 1978 500 2040 lacile
529 1979 661 2053 omnium
690 1979 805 2039 animos
834 1967 1022 2056 cogniturum
1049 1976 1293 2054 adversariosque

226 2061 427 2135 sublaturum,
457 2065 537 2142 quod
559 2062 675 2123 inimici
698 2063 763 2125 eius
787 2062 963 2124 dissidentis
985 2081 1056 2124 suos
1078 2080 1189 2122 sensus
1211 2077 1292 2139 aper-

185 2149 203 2209 3
226 2147 285 2208 turi
309 2148 415 2210 lorent.
466 2147 530 2208 'lali
558 2148 686 2217 consilio
712 2148 838 2227 probato
873 2147 990 2226 excepit
1018 2149 1072 2208 has
1099 2153 1203 2225 partes
1231 2145 1292 2223 ipse

227 2230 397 2293 Callicrates
427 2241 456 2293 et
484 2251 517 2292 se
545 2241 639 2293 armat
668 2232 868 2312 imprudentia
891 2232 1011 2306 Dionis3
1042 2231 1077 2292 ad
1107 2249 1173 2291 eum
1205 2229 1291 2290 inter-

225 2316 388 2377 liciundnm
410 2317 510 2378 socios
534 2317 693 2396 conquirit,
716 2318 901 2380 adversarios
924 2318 988 2378 eius
1012 2316 1159 2388 convenit,
1193 2312 1292 2375 coniu-

184 2405 203 2460 4
225 2401 341 2462 ratione
364 2401 528 2463 confirmat.
589 2402 645 2462 Res
667 2402 769 2464 multis
792 2403 924 2463 consciis
947 2421 1022 2480 quae
1045 2408 1201 2480 gereretur
1222 2399 1292 2459 elata

225 2486 358 2547 desertor
379 2486 416 2548 ad
431 2486 668 2557 Aristomachen,
692 2505 826 2550 sororem
842 2486 956 2558 Dionis,
981 2504 1161 2564 uxoremque
1176 2486 1292 2545 Areten.

224 2570 296 2632 lllae
327 2571 436 2632 timore
463 2570 640 2650 perterritae
670 2572 850 2633 conveniunt
880 2572 964 2632 cuius
992 2572 1029 2632 de
1051 2570 1185 2650 periculo
1209 2569 1291 2628 time·

223 2655 306 2717 hant.
350 2659 387 2717 ht
409 2655 459 2717 ille
488 2664 614 2734 negata
638 2656 793 2718 Callicrate
821 2655 886 2718 fieri
916 2656 974 2718 sihi
997 2656 1138 2726 insidias,
1167 2653 1222 2715 sed
1245 2651 1290 2712 illa

183 2742 300 2819 dquae
322 2752 481 2818 agerentur
502 2740 567 2803 lieri
598 2749 760 2821 praecepto
788 2760 855 2803 sno.
902 2740 1042 2803 Mulieres
1071 2740 1165 2801 nihilo
1194 2738 1290 2799 secius

224 2825 410 2886 Callicratem
432 2826 464 2887 in
486 2827 591 2903 aedem
614 2824 813 2905 Proserpinae
835 2826 986 2887 deducunt
1007 2845 1042 2887 ac
1065 2826 1162 2885 iurare
1186 2829 1289 2900 cogunt

223 2909 297 2970 nihil
320 2910 357 2970 ah
380 2910 431 2971 illo
454 2910 580 2990 periculi
603 2911 667 2972 lore
690 2910 789 2972 Dioni.
832 2910 885 2971 llle
908 2911 965 2972 hac
987 2911 1130 2989 religione
1154 2926 1214 2969 non
1230 2925 1289 2967 mo·
1351 2944 1352 2993 q

224 2993 262 3053 do
285 3012 346 3054 nou
378 3002 425 3055 est
457 2995 617 3057 deterritus
634 3004 636 3013 '
652 2996 704 3056 sed
738 2996 773 3058 ad
807 2997 1015 3085 maturandum
1048 2996 1215 3057 concitatus
1248 2997 1289 3052 cst
1351 3002 1352 3007 ’

224 3193 343 3245 Soldaten
379 3194 428 3242 und
463 3193 603 3260 optimaten
645 3204 733 3259 gesagt
817 3198 840 3247 3.
862 3199 911 3248 toli.
931 3195 956 3245 S.
966 3194 1089 3246 zu'l'hem.
1100 3196 1123 3253 2,
1134 3195 1158 3246 8.

222 3262 289 3313 wird
306 3261 434 3311 herichteu
447 3263 547 3312 Audcre
566 3262 647 3319 nicht;
669 3265 731 3313 auch
817 3259 845 3319 9.
869 3267 889 3316 1.
910 3265 933 3314 2.
954 3262 1018 3312 Duss
1037 3262 1202 3312 dasZimmcr
1219 3260 1288 3310 hoch-

222 3331 256 3381 ist
273 3329 363 3379 unhler
388 3331 475 3380 woher
493 3330 533 3380 die
551 3329 733 3395 Enthemduug
782 3330 887 3395 gelegeu
903 3346 967 3390 war,
997 3331 1075 3381 sowic
1094 3331 1134 3380 die
1153 3330 1289 3390 Besetauug

223 3400 269 3449 der
279 3397 399 3449 Soldatcn
416 3399 564 3449 entstaudcn
583 3398 637 3448 sein
647 3399 728 3459 sollte,
783 3399 829 3449 der
845 3398 1100 3462 helectigtcul'uncte
1116 3399 1141 3447 in
1152 3399 1198 3447 der
1208 3397 1285 3453 stadt

222 3466 303 3518 zumal
326 3482 400 3517 wenn
426 3467 490 3517 Dion
514 3467 551 3518 sic
579 3468 656 3517 durch
683 3466 732 3517 Ge·
783 3467 831 3517 den
847 3465 943 3517 Nomen
966 3468 1010 3517 des
1034 3465 1144 3516 Bruders
1167 3467 1212 3515 des
1236 3463 1289 3515 Cal·

221 3535 328 3587 scheukc
347 3550 462 3600 gewanu.
740 3576 751 3583 .
781 3535 862 3602 lippus
885 3535 935 3584 und
959 3536 1004 3584 das
1033 3534 1175 3584 demselhen
1197 3533 1290 3596 hulge-

254 3599 284 3660 8·
308 3607 329 3655 l.
353 3607 492 3657 Callicrates.
522 3603 614 3653 Dicscr
629 3602 731 3653 Meusch
782 3611 886 3666 tragenc
911 3604 1025 3653 crwdhnt
1047 3600 1078 3652 N.
1100 3602 1183 3652 allein.
1222 3600 1288 3652 Nach

221 3672 287 3722 hiess
319 3671 387 3722 nicht
414 3688 441 3722 so
471 3673 578 3723 sondern
604 3670 668 3721 Calli
685 3687 731 3737 pus
782 3671 847 3721 Plut.
857 3670 920 3721 Dion
929 3674 959 3723 57
992 3671 1061 3720 hatte
1082 3670 1146 3719 Dion
1175 3669 1288 3720 meando

220 3687 727 3808 (praecesseraut.manvia
769 3739 894 3789 aeson.
923 3737 1220 3805 nseuaopnepaaaan
1239 3736 1288 3800 giht

221 3806 404 3861 cevatnax.
414 3807 456 3860 ΙΙΙ.
466 3811 489 3868 8,
500 3812 524 3861 5.
537 3808 603 3859 Plut.
615 3807 726 3858 Dionl'l.
780 3806 817 3857 als
835 3807 959 3857 hostiller
976 3808 1020 3857 des
1037 3806 1123 3857 Mords
1146 3806 1213 3855 zwei
1229 3805 1288 3855 Brri-

221 3875 494 3940 retorquentem.
505 3876 639 3927 Timolll.
648 3891 727 3941 comp.
780 3876 826 3925 der
834 3891 872 3933 un,
895 3876 957 3924 ohne
967 3875 1022 3925 ihre
1030 3873 1126 3925 Namcn
1140 3890 1171 3923 zu
1182 3887 1283 3924 neuneu.

220 3942 285 3994 Tim.
295 3944 435 3995 erneacn.
445 3948 468 3997 2.
485 3946 515 3995 dc
523 3961 572 3995 scr.
584 3959 648 3993 num.
657 3943 725 3992 vind.
813 3946 837 3994 4.
857 3948 979 3996 intrarent.
998 3942 1024 3994 S.
1034 3941 1133 4009 zuLys.
1142 3945 1165 4001 4,
1177 3945 1201 3994 3.

221 4010 725 4078 sst.ap0pnrn.1rc.ntnen.x1.soen).
813 4013 837 4062 5.
858 4030 932 4078 coepe.
963 4010 990 4060 ln
1015 4011 1108 4060 diesem
1135 4010 1219 4060 Buche
1242 4021 1286 4058 nur

254 4079 278 4130 2.
299 4085 401 4146 oportun·
418 4087 499 4146 forent.
519 4079 544 4130 S.
553 4095 587 4159 pu
595 4079 658 4149 lays.
667 4080 691 4136 3,
701 4080 724 4129 5.
779 4093 800 4127 c.
811 4081 834 4138 5,
845 4080 869 4131 3.
898 4079 945 4129 Die
963 4080 1058 4130 andern
1077 4078 1172 4129 Stelleu
1190 4078 1284 4128 mrissen
