2742 4766
192 429 233 493 tt
358 417 364 449 ¹
409 501 411 506 ,
462 442 467 455 ²
558 441 623 495 vm.
641 441 894 495 ,ruaasuounos
916 445 939 496 a.

193 605 212 660 4
235 596 364 677 quodam
384 595 464 659 bono
489 560 560 659 lecit
580 596 665 658 lucri.
716 567 775 659 Sed
799 597 850 672 illa
878 605 978 660 tamen
1006 617 1107 660 omma
1135 599 1305 661 communie

235 682 466 761 imperatoribus
489 701 554 753 cum
578 682 722 743 militibus
744 690 777 744 et
797 683 926 755 lornano,
949 684 1030 763 quod
1052 683 1082 745 in
1105 684 1214 775 proelii
1228 703 1304 746 con-

190 824 194 830 .
234 786 322 829 cursu
345 766 407 826 abit
427 785 476 827 res
499 787 515 828 a
538 766 665 828 consilio
688 768 724 828 ad
748 767 826 829 vires
848 767 966 848 vimque
993 769 1201 849 pugnantium.
1248 770 1304 842 lta·

233 871 291 930 que
319 851 382 912 iure
411 871 473 919 suo,
494 851 635 912 nonnulla
664 852 700 912 ab
730 851 910 931 imperatore
938 853 1041 925 miles,
1075 853 1205 933 plurima
1233 873 1303 916 vero

97 965 106 973 -
176 967 190 986 s
233 937 351 998 fortuna
379 936 510 997 vindicat
539 954 631 1016 seque
660 936 711 997 bic
738 936 806 1016 plus
833 937 962 1006 valuisse
997 956 1085 1017 quam
1119 938 1206 999 ducis
1234 958 1303 1019 pru-

193 1019 364 1084 5.dentiam
391 1040 460 1083 vere
487 1029 588 1101 potest
613 1021 809 1101 praedicare..
826 1022 946 1095 {Quare
975 1022 1048 1083 illud
1070 1023 1302 1100 magnificentis-
1344 1042 1352 1051 ’

233 1105 342 1166 simum
364 1106 472 1167 lactum
504 1107 657 1185 proprium
686 1113 734 1167 est
756 1106 943 1185 Thrasybuli.
993 1107 1067 1168 Nam
1093 1126 1160 1168 cum
1181 1127 1239 1169 xxx
1261 1116 1302 1188 ty-

231 1190 316 1252 ranni
339 1191 504 1273 praepositi
527 1191 807 1253 abacedaemoniis
829 1192 970 1253 servitute
990 1211 1152 1272 oppressas
1167 1200 1303 1256 tenerent

230 1276 370 1348 Athenas,
393 1276 538 1354 plurimos
562 1275 634 1336 ciris
658 1274 766 1354 quibus
788 1275 819 1336 in
842 1276 921 1338 bello
944 1286 1081 1356 parserat
1097 1278 1218 1338 fortuna
1233 1297 1300 1358 par·

230 1360 290 1421 tim*
307 1361 403 1439 patria
426 1360 609 1440 expulissent
631 1360 738 1439 partim
756 1360 988 1436 interfecissent,
1011 1361 1208 1442 plurimorum
1224 1363 1300 1424 bona

232 1444 381 1524 publicata
412 1444 490 1505 inter
518 1465 551 1506 se
580 1445 768 1516 divisissent,
802 1463 862 1506 non
886 1446 982 1509 solum
1005 1446 1146 1528 princeps
1169 1447 1224 1508 sed
1247 1447 1298 1509 eti·

189 1525 279 1597 2am
308 1529 389 1590 solus
410 1525 504 1590 'initio
527 1529 636 1601 bellum
659 1530 706 1591 his
735 1529 851 1590 indixit.
901 1531 957 1592 llic
986 1532 1065 1593 enim
1095 1550 1161 1592 cum
1189 1532 1299 1611 Phylen

233 1614 427 1692 confugisset,
452 1606 532 1694 ‹fuod
555 1625 601 1676 est
624 1614 777 1678 castellum
801 1614 830 1676 in
853 1615 956 1677 Attica
971 1615 1216 1689 munitissimum,
1241 1635 1301 1678 nou

230 1698 299 1778 plus
326 1699 429 1761 babuit
462 1718 563 1762 secum
590 1720 645 1761 xxx
672 1700 709 1760 de
737 1700 810 1761 suis.
860 1700 925 1779 Hoc
958 1700 1076 1763 initium
1110 1700 1165 1761 luit
1193 1700 1299 1762 salutis

96 1828 102 1837 ,
191 1788 209 1845 2
232 1784 416 1856 Actaeorum,
439 1783 498 1845 boc
519 1785 611 1845 robur
632 1784 778 1845 libertatis
802 1784 986 1847 clarissimae
1010 1785 1147 1846 civitatis.
1195 1786 1300 1865 Neque

229 1887 299 1929 vero
328 1868 378 1930 hic
406 1888 467 1929 non
495 1877 683 1949 contemptus
714 1877 760 1930 est
787 1870 884 1949 primo
914 1889 930 1930 a
959 1870 1092 1949 tyrannis
1123 1878 1212 1949 atque
1235 1871 1299 1932 eius

231 1953 372 2015 solitudo.
417 1954 500 2027 Quae
524 1955 644 2034 quidem
666 1973 715 2014 res
738 1963 767 2015 et
795 1954 854 2014 illis
884 1954 1143 2016 contemnentibus
1172 1955 1298 2043 pernicii

230 2045 261 2098 et
281 2039 351 2099 huic
374 2039 516 2119 despecto
540 2039 630 2100 saluti
653 2039 718 2101 luit.
745 2036 841 2101 'llaec
864 2040 943 2101 enim
965 2040 1033 2101 illos
1056 2058 1163 2118 segnes
1180 2041 1216 2101 ad
1232 2058 1297 2119 per-

227 2243 290 2291 cimo
307 2244 333 2290 r'a
351 2244 410 2293 telle
435 2244 469 2293 sic
487 2249 520 2291 est
536 2250 639 2293 curatur
657 2249 683 2293 ut
701 2245 738 2293 lu'e
789 2239 845 2290 bier
875 2242 1088 2307 ausgesprocbene
1116 2240 1213 2291 Urtbeil
1241 2255 1296 2293 ver·

228 2310 311 2358 multos
329 2325 365 2358 res
384 2317 405 2359 et
421 2326 515 2373 mappas
533 2313 582 2360 siae
602 2313 738 2374 imperatore
789 2309 870 2357 kebrt.

228 2378 337 2438 posuerit,
362 2378 449 2433 nollem
470 2380 519 2427 stne
543 2381 584 2429 lroc
608 2381 737 2442 imperator.
822 2381 929 2428 seruitute
947 2393 1075 2442 oppressos.
1093 2375 1169 2427 Nicbt
1183 2385 1228 2440 gut
1242 2377 1294 2426 der·

229 2440 292 2494 Eine
311 2442 408 2505 atufige
425 2441 570 2506 Wenduug.
789 2443 857 2493 selbe
875 2443 1007 2492 Ausdruclx
1023 2443 1074 2492 wie=
1093 2442 1142 2509 §2

261 2514 315 2575 [ecit
332 2514 398 2563 lucri.
417 2509 576 2570 S.zuAlc.8,
590 2515 612 2562 1.
694 2526 698 2532 ⁴
820 2521 934 2577 perteret,
953 2510 1004 2560 wie
1021 2511 1046 2560 b.
1067 2510 1170 2560 Plautus
1189 2510 1293 2560 undTe·

261 2581 285 2629 4.
305 2583 348 2630 illo
365 2584 457 2632 omnio:
479 2578 548 2628 ‘alles
559 2578 732 2643 dergleioben',
788 2594 862 2636 reuz;
884 2578 924 2628 die
943 2578 967 2628 in
985 2579 1069 2629 seiner
1086 2578 1143 2629 Zeit
1160 2579 1292 2643 gebrauch-

226 2645 276 2695 wie
293 2662 343 2696 von
360 2645 450 2696 Tbras.
471 2663 495 2696 u.
516 2647 581 2696 Alc:
597 2647 630 2698 im
647 2647 732 2713 Pelop.
786 2646 850 2696 liobe
868 2647 942 2696 Form
959 2647 1003 2696 bat
1019 2645 1050 2696 N.
1071 2645 1160 2696 Timol
1171 2650 1194 2705 7,
1206 2649 1229 2698 2.

140 2772 144 2775 7
186 2708 192 2722 ⁸
226 2713 319 2777 Kriege
337 2714 484 2777 ausgefiahrt
500 2715 598 2765 warde.
618 2715 673 2765 ller‘
687 2714 735 2765 Ge·
821 2718 905 2767 bellam
922 2718 1024 2767 indicit:
1051 2721 1088 2764 ‘er
1111 2714 1223 2765 erklirte
1248 2716 1292 2764 deu

227 2782 307 2832 daolre
325 2783 422 2833 scbeint
439 2794 483 2833 aus
502 2783 735 2850 Cic.p.llarc.2‚ss
787 2782 871 2845 Krieg’
903 2781 975 2831 ubml.
1001 2781 1042 2831 bei
1066 2782 1166 2831 sicb=
1182 2790 1219 2833 ‘er
1242 2790 1292 2832 ent·
1357 2827 1358 2838 ,

226 2850 353 2900 eutlebnt:
375 2856 468 2917 bellicos
487 2856 567 2904 leudes
591 2856 665 2905 soleat
683 2857 735 2919 qut-
786 2849 881 2900 scbloss
898 2849 950 2898 sicb
968 2865 1024 2898 zum
1041 2849 1133 2914 Krieg’.
1172 2850 1205 2901 So
1230 2851 1293 2900 oller

227 2923 279 2970 dom
297 2928 419 2970 ecteouore
445 2925 520 2972 uerbis
548 2939 631 2987 eosque
657 2923 735 2972 detra·
786 2918 811 2967 in
828 2918 997 2980 heweglercm
1016 2916 1070 2967 Stil.

226 2991 279 3038 tere
297 2990 401 3049 ducibus,
421 2992 586 3040 communicare
610 3007 660 3040 cum
676 2993 735 3040 mul·
819 2982 847 3041 2.
870 2989 892 3036 1.
925 2984 1017 3035 Taras.
1051 3001 1108 3036 war
1139 2985 1206 3036 nicht
1234 2986 1292 3036 uacb

226 3057 264 3115 tir,
283 3072 312 3104 ue
328 3059 434 3119 propriae
452 3060 497 3106 siut
515 3060 683 3121 imperatorum.
707 3061 736 3109 Et
785 3053 864 3121 Phyle
883 3054 978 3116 gefl⁰h¹1
996 3054 1103 3104 sofldtrn
1121 3053 1292 3104 nassh'l'llebtss

226 3129 285 3173 certe
307 3125 333 3171 tn
356 3125 426 3173 ermis
448 3126 545 3173 militum
570 3128 651 3186 uirtus,
671 3123 735 3176 lo'co-
769 3123 835 3171 'und
850 3122 921 3172 nabin
929 3138 978 3171 voa
989 3122 1046 3171 dort
1056 3122 1206 3172 ausziebeod
1216 3121 1291 3188 Phyle

225 3206 276 3239 rum
294 3193 466 3254 opportunitas,
496 3194 593 3242 cecilio
610 3196 733 3257 sociorum,
785 3191 833 3239 cin.
854 3190 919 3240 Xen.
931 3189 1035 3239 Hellll.
1047 3193 1069 3248 4,
1081 3192 1105 3241 2.
1125 3189 1183 3240 Zeit
1200 3189 1239 3239 01.
1250 3191 1287 3246 94,

213 3260 325 3318 classes,
362 3266 497 3308 commeatus
522 3262 617 3309 multum
646 3263 733 3323 iaceat,
787 3260 887 3310 1=404
905 3257 938 3306 im
955 3256 1067 3308 Wintcr.

224 3328 347 3375 muctarem
364 3341 416 3375 uero
433 3334 520 3389 portem
537 3331 605 3391 pacat
625 3345 667 3378 suo
685 3332 735 3380 iore
818 3330 880 3378 XXX.
897 3323 963 3375 Xeri.
980 3324 1043 3374 Hell.
1059 3324 1089 3375 ll.
1099 3326 1122 3383 4,
1133 3327 1157 3376 2.
1181 3324 1247 3375 Plut.
1262 3324 1289 3374 tle

224 3398 318 3457 fortuna
335 3395 381 3443 sibi
397 3396 498 3444 uindicet
523 3401 543 3444 et
570 3398 682 3460 quidquid
701 3405 734 3448 eat
785 3393 848 3456 glor.
858 3393 948 3444 Athen.
957 3396 1014 3445 345.
1025 3393 1128 3443 Aristid.
1139 3392 1286 3445 lambino.
1357 3397 1358 3400 ’

222 3477 332 3526 prospere
349 3468 436 3523 pestem
452 3464 477 3512 iel
493 3479 566 3526 poene
589 3481 653 3514 omae
671 3468 734 3516 ducit
785 3462 864 3524 geben
882 3464 927 3519 70,
961 3461 1141 3519 Pans.l.29,3
1170 3463 1216 3519 60,
1252 3461 1289 3510 elie

225 3545 298 3579 auom.
323 3526 406 3576 Ueber
423 3527 468 3577 alas
486 3528 661 3591 ausgelassene
680 3540 733 3583 sont
784 3530 856 3579 Rbet.
878 3545 908 3585 aa
926 3528 1054 3596 Alex.c.8
1077 3532 1122 3587 50,
1157 3527 1287 3579 Aristiul.

225 3610 246 3643 s.
256 3610 315 3644 zuo.
326 3596 349 3653 3,
361 3597 384 3646 2.
405 3622 413 3630 κ
784 3599 831 3649 274
841 3597 913 3647 Diod.
933 3597 1017 3659 weuig
1033 3598 1104 3646 mebr
1121 3596 1158 3646 als
1177 3600 1209 3649 50
1227 3612 1266 3647 aa.

256 3668 317 3715 eirea
335 3663 478 3714 diellralte
496 3665 728 3731 ‹lerKamplendea
817 3669 893 3718 Actaei
916 3666 957 3715 mr
973 3670 1119 3718 Athenienses
1145 3665 1239 3715 kommt
1263 3679 1288 3713 so

223 3745 297 3780 wenn
320 3747 377 3781 man
399 3732 437 3782 sie
467 3732 504 3782 als
531 3733 664 3791 Einzelne;
697 3740 732 3786 ote
783 3733 974 3783 substantiviscb
993 3733 1130 3795 gebraucbt
1147 3742 1217 3783 sonet
1226 3733 1289 3782 nicht

224 3797 278 3847 ibre
303 3798 415 3858 Gewalt,
445 3816 519 3850 wenu
544 3816 601 3851 man
628 3801 665 3851 sie
694 3800 731 3851 als
784 3817 835 3860 vor,
857 3800 894 3851 als
907 3801 1023 3865 Adjectiv
1041 3800 1118 3850 findet
1135 3816 1163 3849 es
1181 3802 1234 3851 sich
1248 3798 1288 3849 bei
1346 3836 1350 3844 .

225 3865 557 3927 Gesamrutbeitbctracbbet,
578 3867 732 3919 wobeiaiacb
783 3868 902 3919 Dichtern
920 3869 969 3918 und
987 3869 1011 3918 in
1029 3871 1143 3934 spaterer
1160 3869 1248 3919 Prusa.

225 3931 265 3981 elie
282 3933 345 3983 Zabl
362 3936 387 3984 in
405 3936 529 3999 Anscblag
546 3937 645 3987 kommt.
817 3939 840 3988 2.
862 3940 1082 4005 Neque—solitudo.
1101 3935 1135 3985 lm
1143 3932 1289 4000 Gegentbeil

259 4003 282 4051 5.
302 4000 342 4051 Da
359 4003 399 4053 (lie
410 4003 647 4066 Belreiuuglltbens
666 4004 732 4054 nicht
783 4004 823 4054 (lie
841 4003 976 4072 Tyrannen
993 4005 1098 4054 rickten
1115 4005 1224 4073 soglelclr
1248 4018 1288 4068 ge·

224 4067 286 4117 olane
305 4067 424 4143 Soldateu
441 4072 561 4134 gesobab,
590 4087 617 4122 so
635 4072 669 4122 ist
687 4073 731 4122 rlas
782 4088 830 4135 geu
847 4073 889 4149 iba
906 4088 958 4132 aus,
980 4072 1042 4125 aber
1058 4072 1177 4123 nacbrlem
1195 4073 1232 4124 sie
1246 4072 1288 4122 dae
