2742 4766
154 445 197 509 Μ
278 439 281 445 J

542 461 808 521 militaremus.
830 467 853 517 6.

197 614 446 695 coniunctamque
468 615 538 677 huic
559 614 792 697 Paphlagoniam
815 626 943 697 occupat
965 617 1064 680 celans
1088 637 1146 700 qua
1163 619 1277 680 volun-

99 738 118 760 ι.
196 707 256 761 tate
278 707 358 761 essct
379 699 416 761 in'
432 696 544 779 regem.
588 702 669 764 Clam
692 721 759 765 cum
781 701 982 766 Ariobarzane
1005 704 1077 766 lacit
1093 704 1276 777 amicitiam,

154 779 315 850 dinanum
338 796 500 864 comparat,
528 787 619 848 urbes
647 788 776 849 munitas
805 789 869 849 suis
897 790 1024 852 tuendas
1054 790 1155 852 tradit.
1208 789 1276 850 Sed

194 869 269 930 haec
296 879 420 950 propter
446 872 575 934 hiemale
604 880 723 952 tempus
752 873 852 934 minus
879 893 1023 954 prospere
1050 873 1275 954 procedebant.

194 954 285 1016 Audit
310 955 429 1018 Pisidas
457 957 601 1036 quasdam
630 957 733 1037 copias
760 958 902 1021 adversus
932 979 964 1021 se
993 972 1109 1039 parare.
1159 958 1293 1020 Filium*

195 1058 231 1100 eo
253 1039 410 1103 Arsideum
434 1061 500 1105 cum
524 1042 655 1103 exercitu
671 1042 778 1108 mittit:
803 1044 884 1105 cadit
898 1045 929 1105 in
945 1046 1061 1125 proelio
1077 1043 1274 1106 adolescens.

194 1134 400 1199 Proficiscitur
422 1150 458 1192 eo
480 1137 565 1209 pater
587 1147 647 1188 non
669 1129 710 1190 ita
732 1148 798 1190 cnm
822 1148 929 1208 magna
950 1149 1039 1191 manu
1055 1129 1156 1192 celan‘s
1172 1146 1275 1210 quan-

195 1231 255 1284 tum
277 1221 384 1281 vulnus
407 1215 588 1294 accepisset,
619 1214 698 1294 quod

722 1213 804 1293 prius
834 1215 871 1275 ad
898 1216 1014 1277 hostem
1036 1215 1194 1295 pervenire
1218 1231 1274 1275 cu-

66 1380 69 1385 ,
194 1307 296 1387 piabat
317 1321 406 1383 quam
429 1298 565 1364 dornale
587 1317 619 1359 re
641 1307 724 1376 gesta
746 1300 824 1359 lama
847 1300 883 1360 ad
917 1319 988 1361 suos
1016 1301 1200 1380 perveniret,
1231 1316 1276 1360 ne

153 1394 170 1452 2
194 1392 312 1470 cognita
340 1387 395 1448 filii
424 1393 519 1447 morte
542 1383 641 1445 'animi
670 1383 898 1446 debilitarentur
922 1385 1059 1448 militum.
1105 1386 1171 1459 Quo
1195 1401 1274 1444 aon-

194 1476 330 1539 tenderat
351 1472 486 1552 pervenit
508 1470 604 1547 lisque
626 1468 703 1530 locis

725 1477 821 1531 castra
843 1469 928 1548 ponit
952 1481 982 1531 nt
1000 1489 1097 1550 neque
1113 1467 1273 1531 circumiri

193 1557 384 1631 multitudine
408 1554 645 1617 adversariorum
661 1548 770 1633 'posset
792 1572 889 1632 neque
912 1554 1050 1635 impediri
1080 1575 1137 1634 qun
1164 1553 1273 1615 minus

153 1651 171 1708 3
193 1648 258 1726 ipse
287 1634 553 1703 ad'dimicandum
582 1657 702 1699 manum

730 1639 852 1701 haberet
879 1640 1057 1718 expeditam.
1107 1641 1174 1701 Erat
1196 1655 1275 1698 cum

195 1751 230 1793 eo
253 1726 510 1797 Metrobarzanes,
539 1742 628 1785 socer
655 1723 736 1795 eius,
766 1725 935 1804 praelectus
965 1726 1108 1805 equitum.
1151 1726 1179 1785 ls
1211 1723 1271 1783 de-

195 1803 331 1895 speratis‘
352 1810 571 1894 gencrllrebus
600 1807 638 1869 ad
666 1809 768 1869 hostes
799 1810 966 1887 transfugit.
1016 1810 1049 1870 ld
1066 1811 1210 1871 dlatames
1234 1815 1271 1868 ut

195 1899 320 1969 audivit,
349 1897 460 1968 sensit,
488 1895 569 1956 siin
590 1893 707 1973 turbam
730 1891 840 1955 exisset
869 1894 904 1955 ab
934 1895 1055 1956 bomine
1078 1902 1137 1955 tam
1159 1911 1270 1955 neces-

194 1985 274 2047 sario
297 2001 330 2043 se
351 1982 502 2053 relictum,
534 1982 664 2040 futurum
692 1987 725 2039 ut
753 1979 844 2039 ceteri
874 1980 1032 2041 consilium
1059 1986 1270 2060 sequerentur.

152 2077 171 2132 4
193 2071 227 2132 ln
249 2069 353 2146 vulgus
376 2067 453 2129 adit:
478 2085 533 2127 suo
556 2065 640 2125 iussu
654 2064 908 2146 hietrobarzanem
930 2067 1097 2144 proiectum
1119 2084 1174 2144 pro
1195 2082 1269 2144 per-

194 2157 272 2234 fuga,
297 2172 355 2232 quo
377 2152 496 2213 facilius
518 2160 656 2229 receptus
680 2150 861 2211 interficeret
881 2150 994 2210 hostes.
1047 2150 1145 2222 Quare
1173 2149 1267 2209 relin—

195 2241 244 2319 qui
267 2256 334 2300 eum
357 2256 411 2316 par
433 2255 491 2297 non
520 2254 588 2297 esse
603 2243 648 2323 *et
669 2253 774 2296 omnes
803 2236 960 2295 confestim
986 2235 1081 2315 sequi.
1126 2234 1216 2307 Quod
1239 2231 1267 2293 si

228 2441 251 2491 6.
273 2433 413 2505 calensque
434 2455 458 2488 u.
474 2454 494 2488 s.
506 2454 544 2501 w.
582 2437 703 2488 Dassclbe

192 2506 274 2560 Wort
290 2505 334 2556 mit
352 2506 567 2556 dersclbenllorm
579 2506 703 2556 dchcdc

192 2574 344 2627 winderholt
361 2574 412 2624 sloh
424 2591 446 2624 c.
457 2577 479 2633 6,
495 2577 516 2626 1.
537 2573 704 2637 Dcrgleichen

193 2644 259 2695 istb.
268 2641 299 2693 N.
310 2643 393 2706 bonag
402 2643 474 2705 (Mile
485 2646 508 2701 8.
519 2645 543 2695 2.
556 2642 699 2700 Thenas.

192 2716 216 2773 4,
226 2716 250 2765 4.
272 2712 333 2779 bys.
344 2715 401 2769 4,1.
426 2712 489 2781 Dion
499 2714 519 2770 1,
531 2714 555 2763 4.
569 2714 592 2769 5,
602 2715 626 2763 5.
647 2711 698 2776 lpb.

194 2783 216 2841 1,
227 2782 251 2832 2.
260 2779 317 2829 Dat.
329 2782 351 2836 2.
363 2782 387 2831 3.
397 2783 420 2839 6,
431 2784 455 2834 8.
465 2783 517 2839 8,6.
527 2780 573 2847 Ep.
583 2782 635 2837 6,d.
646 2779 699 2830 Pel.

192 2852 216 2908 2,
227 2851 252 2900 4.
262 2850 307 2911 Ag.
318 2850 340 2905 6,
353 2851 375 2899 1.
385 2848 456 2898 Eum.
468 2851 506 2908 13,
518 2852 541 2899 4.
557 2847 631 2898 Phoe.
642 2850 664 2907 2,
678 2851 699 2900 1.

192 2916 281 2968 Timol.
293 2919 314 2974 l,
328 2919 349 2967 1.
359 2917 456 2985 deneg.
464 2920 485 2976 l,
495 2920 518 2969 3.
529 2916 609 2966 Hanc.
619 2910 700 2975 923.

192 2986 246 3036 Act.
256 2986 280 3043 4,
293 2985 435 3044 1.8,1-18,
447 2987 480 3047 5).

226 3056 391 3104 Ariobarzanes
403 3052 437 3102 ist
446 3053 491 3101 der
501 3054 526 3110 2,
537 3055 551 3103 5
562 3053 699 3111 crwaihntc‚

192 3135 234 3170 wo
252 3135 284 3168 m.
305 3134 325 3168 s.

228 3215 257 3274 θ.
280 3222 302 3270 1.
322 3238 370 3273 nen
386 3225 419 3272 ilc
443 3220 520 3269 durch
545 3220 585 3269 dic
610 3220 703 3288 Praipe-

194 3288 270 3339 sition
287 3303 336 3336 von
354 3288 409 3337 dem
418 3287 536 3353 Adjectiv
554 3305 584 3338 zu
603 3289 658 3339 dem
676 3305 704 3339 es

194 3358 284 3420 gehdrt
301 3364 424 3419 getrennt.
461 3356 561 3406 Ebenso
585 3367 631 3410 tam
643 3357 700 3409 Pel.

194 3426 244 3484 2‚3
263 3425 312 3474 und
330 3425 407 3487 durch
425 3430 471 3478 sibi
488 3424 562 3475 Paua.
573 3428 596 3485 2,
607 3429 637 3483 5;
664 3446 704 3478 ee-

208 3512 237 3546 ne
255 3494 332 3542 durch
351 3499 450 3546 iumenta
467 3493 537 3543 [lusu.
548 3497 571 3553 5,
583 3497 606 3546 6.
633 3494 703 3543 Auch

192 3514 234 3613 Aci
269 3562 362 3612 andern
393 3561 592 3613 Schril'tstellern
626 3562 706 3612 findet

193 3631 245 3682 sich
265 3630 318 3680 dies
336 3630 474 3680 hisweilen.
685 3637 688 3651 ’

227 3703 255 3750 de
272 3703 331 3751 mule
347 3717 372 3750 re
390 3709 461 3764 peste.
503 3698 589 3749 Selloe
612 3686 704 3749 Wart-

194 3766 302 3829 stclluug
318 3774 381 3816 statt
398 3771 426 3819 de
444 3786 468 3819 re
484 3772 543 3820 mule
561 3777 625 3829 pasto
642 3768 705 3817 oder

195 3838 223 3887 de
246 3839 305 3887 male
325 3844 391 3899 peste
414 3853 446 3886 re.
481 3834 536 3885 Liv.
545 3833 626 3886 XLV.
636 3836 702 3895 3¹1,5

192 3920 234 3968 pro
245 3904 342 3968 ,eprepia
359 3905 507 3968 bellc‘pesto.
556 3956 562 3973 .

230 4002 278 4054 aff.
300 4002 351 4053 Das
363 4001 488 4064 llolgcnde
506 4003 623 4053 eradhlen
641 4005 703 4053 auch

196 4071 269 4122 Diod.
278 4070 335 4123 XV.
345 4073 387 4123 91.
396 4070 508 4121 urendo.
519 4079 592 4122 auat.
599 4071 630 4122 ll.
641 4074 699 4131 ’1,9.

754 2436 874 2504 Polyaen.
893 2446 965 2511 seror.
984 2437 1038 2489 vu.
1055 2439 1094 2496 23,
1107 2439 1131 2489 r.
1152 2408 1272 2489 'Diodor

755 2514 831 2555 neunt
848 2508 894 2568 dep
914 2506 1133 2569 Schwiegervater
1151 2506 1195 2555 des
1213 2506 1268 2556 Du-

754 2581 833 2624 tanrcs
846 2574 1075 2631 Mithrobarzanem
1106 2573 1203 2641 Polyda
1227 2591 1269 2625 er·

753 2645 839 2695 wahart
871 2643 926 2694 blos
960 2643 1032 2692 cinon
1061 2643 1189 2692 Anlbhrcr
1219 2645 1269 2694 der

753 2711 853 2770 liciter,
886 2712 990 2762 Frontin
1021 2710 1093 2760 einen
1117 2710 1190 2769 Theil
1220 2713 1270 2762 der

753 2779 849 2829 Reiter.
891 2779 996 2847 'Polyda
1037 2779 1184 2829 bezeichnet
1225 2780 1270 2830 dic

753 2846 846 2897 licinde
865 2848 932 2897 nicht
949 2848 1040 2905 nabar,
1075 2848 1136 2897 nach
1160 2848 1268 2897 Frontin

753 2930 810 2964 war
833 2931 860 2964 cs
882 2916 969 2964 dorin
988 2914 1161 2982 Cappadocien
1179 2915 1267 2978 einge-

754 2983 845 3033 lallene
864 2983 1065 3051 Autophradatcs
1084 2987 1114 3046 (c.
1125 2987 1148 3043 i,
1160 2986 1192 3045 1),
1213 2985 1267 3033 uod

754 3051 869 3101 dcsselbc
887 3051 1032 3101 hatDiodor
1046 3052 1071 3100 in
1083 3051 1267 3117 seinchucllc
1370 3075 1371 3096 ι

755 3120 887 3181 gelandun,
914 3120 1025 3169 welcber
1042 3120 1196 3170 irrthtimlich
1215 3121 1267 3171 deu

753 3187 895 3238 Artabazus
914 3197 996 3238 nenut.
1023 3187 1069 3237 Die
1089 3188 1168 3238 Saehe
1186 3188 1270 3240 selbst

755 3256 865 3305 ist'von
894 3254 925 3307 N.
956 3256 1196 3307 uuwahrsoheinlieh
1224 3273 1269 3307 er-
1370 3285 1371 3294 ι

754 3323 829 3373 ιιῑΙιΙι.
867 3322 939 3374 Danu
971 3325 1039 3375 hatte
1069 3323 1187 3374 Datames
1216 3326 1268 3376 den

756 3391 846 3442 Seinen
878 3401 966 3455 gesagt
987 3392 1193 3443 Metrobarzanes
1226 3394 1268 3443 sei

755 3460 801 3509 aul
815 3461 900 3509 sciren
923 3460 1011 3511 Belehl
1034 3478 1065 3511 zu
1088 3462 1135 3510 dcc
1153 3461 1268 3512 Ileindeu

754 3528 959 3592 ubergegangem
986 3545 1026 3578 um
1044 3530 1113 3578 diese
1137 3544 1168 3578 zu
1191 3530 1268 3580 uber·

755 3594 830 3646 fallen
848 3595 915 3662 lsshl
940 3612 968 3646 so
986 3598 1093 3647 konnteu
1112 3596 1152 3645 die
1171 3596 1267 3648 Seiuen

754 3664 802 3713 den
819 3664 925 3714 Metrob.
952 3665 1020 3715 nicht
1044 3665 1174 3729 angreilen
1193 3666 1262 3732 (56).

753 3748 827 3782 wenn
846 3732 1018 3784 niehtllatam.
1039 3734 1076 3784 sie
1094 3735 1187 3783 vorber
1202 3735 1270 3785 tiber

721 3831 724 3839 ·
754 3801 802 3850 den
819 3801 923 3850 wahren
939 3801 1103 3852 Saehvarhalt
1120 3801 1263 3861 auilclairtc3

753 3884 808 3918 was
825 3867 857 3919 N.
886 3869 953 3920 nicht
976 3870 1089 3920 hemerkt
1113 3870 1162 3919 und
1190 3886 1266 3921 wazu

753 3936 900 3986 schwarlich
926 3937 984 3988 Zeit
1016 3938 1161 3988 verbanden
1195 3952 1263 3989 war.

753 4003 801 4054 Ille
818 4005 873 4055 drei
891 4005 1095 4068 obergeoaontan
1106 4006 1269 4057 Schriltstel·
1370 3991 1371 4020 ³

751 4071 792 4123 ler
809 4072 925 4124 enothion
942 4074 1031 4125 wedcr
1043 4082 1121 4125 ¹atrrtcr
1136 4075 1188 4126 siclt
1200 4076 1265 4125 noch
1370 4141 1371 4158 ἶ
