2750 4768
209 432 270 495 ttt
600 438 694 492 xlm
713 438 880 492 rennes
900 443 925 492 a.

209 650 220 669 ,
249 604 386 675 tempore
412 595 541 674 praefuit
568 594 658 656 etiam
686 595 799 656 alterae
823 594 958 673 equitnm
980 594 1045 655 alae
1070 612 1147 673 qnae
1168 593 1321 655 Hetaerice

250 679 465 760 appellabatur.
516 679 641 758 Utrique
673 688 772 739 autem
804 679 836 738 iu
862 678 993 739 consilio
1026 697 1146 757 semper
1177 677 1264 737 alluit
1294 686 1321 738 et

206 762 382 833 2omnium
411 781 510 824 reram
539 763 659 824 babitus
687 774 736 824 est
762 763 923 841 particeps.
977 762 1144 824 Alexandro
1171 761 1319 840 babylone

248 856 382 919 mutuor
415 866 482 909 eum
511 865 601 926 regua
637 847 765 925 singulis
798 846 997 908 familiaribus
1029 846 1263 927 dispertirentur
1294 852 1321 907 et

249 950 364 994 mmma
385 950 485 994 rerum
507 932 616 993 tradita
637 940 720 993 esset
740 932 852 993 tuenda
874 931 973 1009 eidem
994 932 1043 993 cni
1065 931 1234 993 Alexander
1258 948 1318 991 mo

207 1022 226 1081 2
248 1018 331 1079 rieus
353 1016 475 1079 armum
497 1034 585 1077 sunm
607 1016 746 1090 dederat,
768 1016 947 1078 Perdiccae:
977 1036 1012 1077 ex
1034 1035 1093 1095 qno
1116 1034 1224 1076 omnes
1246 1018 1318 1092 [coa-

248 1102 383 1164 ieceraut
409 1119 477 1164 eum
506 1118 631 1180 regnum
659 1101 688 1161 ei
716 1101 908 1162 commisisse
942 1103 1041 1179 quoad
1072 1100 1161 1161 liberi
1194 1100 1261 1160 elas
1291 1101 1319 1161 in

248 1204 333 1249 suam
367 1186 490 1249 tutelam
515 1186 739 1264 pervenissent:
769 1185 874 1247 aberat
905 1185 986 1246 enim
1014 1186 1154 1261 Craterps
1182 1192 1211 1244 et
1240 1185 1319 1245 Anti·

247 1279 349 1352 pater,
378 1271 430 1350 qui
464 1270 641 1332 antecedere
674 1270 755 1331 bunc
785 1270 980 1344 ridebantur3
1013 1277 1150 1331 mortuas
1164 1276 1244 1329 erat
1264 1269 1318 1331 lle

247 1354 397 1437 pbaestio,
419 1373 509 1434 quern
531 1373 622 1416 anum
643 1354 819 1424 Alexander,
841 1355 921 1434 qnod
944 1354 1031 1416 lacile
1053 1354 1188 1431 intellegi
1208 1361 1317 1432 posset

247 1438 370 1520 plurimi
392 1439 520 1501 lecerat:
549 1440 608 1500 boe
640 1448 775 1518 ternpore
804 1438 873 1500 data
903 1447 951 1500 est
978 1438 1104 1500 Eumeni
1133 1436 1318 1517 Cappadocia

247 1524 312 1585 sire
342 1523 443 1604 potius
475 1524 564 1585 dicta.
618 1524 694 1583 Nam
727 1532 789 1583 tum
822 1523 854 1584 in
890 1523 1022 1585 bostium
1060 1533 1125 1583 erat
1161 1531 1316 1602 potestate.

207 1614 224 1673 3
247 1606 334 1670 Hunc
356 1608 415 1670 sibi
437 1608 598 1669 Perdiccas
621 1606 798 1669 adiunxerat
819 1625 927 1686 magno
951 1608 1068 1680 studio,
1097 1609 1178 1691 quod
1207 1607 1240 1667 in
1268 1607 1317 1666 bo

247 1693 328 1755 mine
350 1692 440 1754 fidem
463 1700 492 1754 et
513 1692 690 1753 iudustriam
713 1710 850 1770 magnam
871 1692 1004 1765 ridebat,
1033 1711 1093 1754 non
1117 1691 1275 1763 dubitans,
1295 1691 1317 1751 si

248 1795 315 1839 eum
338 1777 521 1856 pellexisset,
545 1794 653 1855 magno
675 1778 743 1838 usui
766 1777 830 1837 lore
853 1777 911 1838 sibi
935 1777 965 1838 in
989 1777 1025 1838 iis
1047 1777 1139 1838 rebus
1171 1794 1248 1854 quas
1270 1793 1316 1854 ap·

246 1862 380 1941 parabat.
424 1860 581 1941 cogitabat
603 1861 682 1922 enim
711 1862 791 1940 quod
819 1862 883 1922 lere
906 1880 1010 1922 omnes
1033 1863 1065 1922 in
1087 1861 1205 1938 magnis
1228 1860 1316 1939 impe·

246 1946 301 2007 riis
324 1946 556 2024 concupiscunt,
587 1945 720 2006 omnium
747 1946 841 2024 partis
866 1947 1019 2025 corripere
1042 1954 1131 2025 atque
1153 1944 1316 2025 complecti.

204 2037 222 2093 A
245 2030 349 2110 Neque
372 2048 443 2093 vero
465 2030 524 2091 boc
547 2029 597 2090 ille
619 2031 701 2090 solus
724 2031 795 2091 lecit
816 2030 870 2092 sed
893 2031 984 2093 ceteri
1008 2049 1128 2110 quoque
1150 2027 1316 2107 omnesqui

245 2114 405 2177 Alexandri
445 2116 563 2177 luerunt
601 2114 700 2174 ainici.
758 2114 877 2176 Primus
910 2116 1083 2177 Leonnatus
1116 2113 1315 2174 Macedonian

245 2187 468 2278 praeoccupare
497 2198 740 2277 praedestinavit.
788 2200 817 2260 Is
840 2200 941 2260 multis
969 2199 1144 2278 magnisque
1171 2197 1315 2276 pollicita·

246 2282 380 2343 tionibus
408 2283 591 2361 persuadere
621 2283 744 2344 Eumeni
772 2285 887 2344 studuit
914 2295 947 2344 ut
967 2284 1142 2345 Perdiccam
1169 2283 1317 2343 desereret

206 2371 224 2427 b
248 2384 283 2427 uc
305 2384 407 2427 secum
430 2367 543 2427 iaceret
564 2366 749 2428 societatem.
795 2370 868 2429 Cum
889 2369 1055 2447 perducere
1077 2387 1143 2429 eum
1167 2386 1229 2427 non
1250 2384 1316 2446 pos·

248 2456 304 2523 set,
327 2449 497 2512 interlicere
524 2460 647 2512 conatus
675 2462 738 2525 est3
766 2459 796 2514 et
818 2452 957 2526 iecisset,
979 2453 1037 2514 nisi
1060 2452 1210 2514 illectam
1232 2458 1317 2513 noctu

247 2552 281 2595 ex
306 2533 466 2615 praesidiis
494 2534 559 2596 eius
582 2535 747 2614 effugisset.

279 2688 372 2739 alterae.
390 2685 448 2749 Vgl.
460 2684 549 2736 Timol.
560 2686 759 2751 3,2u.s.Zumpt
810 2676 936 2752 tragmjp.
947 2683 1056 2753 teessipj
1094 2684 1160 2753 [dos]
1180 2703 1239 2752 quae
1264 2690 1316 2737 miti

245 2750 327 2819 §lib
340 2753 465 2872 Madvig?
473 2756 504 2805 37
515 2756 586 2804 Anm.
596 2756 619 2805 2.
809 2758 872 2806 dicto
896 2764 936 2806 eat.
971 2752 1249 2820 capalenensis
1272 2757 1315 2805 deti

279 2824 397 2875 lietoerice
433 2826 507 2882 (rue
528 2817 584 2884 ική)
627 2821 675 2871 ‘die
712 2822 758 2871 der
812 2824 900 2874 Valerio
916 2827 1037 2889 pecualem
1060 2839 1148 2874 omnem
1172 2838 1239 2874 auom
1256 2825 1315 2872 diue·

245 2887 376 2939 Preunde'.
420 2838 536 2940 Preunffe
572 2890 626 2951 (des
654 2889 757 2953 Kbnigsl
808 2886 901 2942 rotund
914 2894 1315 2956 quaecumquesioeboeaucloreert

245 2954 345 3005 hiessen
372 2955 420 3006 alle
446 2956 564 3024 Truppeu
589 2956 686 3006 welche
712 2972 757 3006 aus
809 2961 872 3008 dieto
890 2962 940 3021 dos,
961 2956 1313 3021 atAtt.11.t‚3attatque

246 3021 372 3085 gebornen
390 3023 567 3074 Macedoniern
585 3024 731 3075 bestauden.
809 3024 872 3077 dicto
889 3036 945 3088 aot,
965 3029 1013 3077 olla
1031 3026 1087 3077 cloto
1105 3035 1146 3076 eat.
1169 3023 1222 3074 Sen
1240 3030 1312 3073 contr.

280 3085 308 3145 ᾗ.
332 3091 354 3141 1.
376 3090 414 3139 01.
426 3094 482 3149 114,
495 3093 603 3144 1-313.
808 3090 828 3140 l.
838 3093 885 3157 bp.
897 3095 942 3144 111
951 3092 1004 3159 Rip.
1026 3098 1120 3159 quidem
1139 3097 1214 3144 dictor
1224 3111 1271 3148 aaa
1280 3109 1314 3142 oo-

279 3174 357 3223 repuo.
377 3156 469 3207 Besser
484 3163 623 3225 prouinciae.
809 3177 886 3226 cepere
905 3164 977 3212 dotes.
998 3159 1047 3208 nin
1064 3160 1161 3210 scitner
1177 3158 1312 3210 Gebraaeb.

279 3223 345 3275 llaas
356 3224 429 3274 Alex.
450 3225 506 3275 dena
520 3224 654 3275 Perdiccas
672 3227 758 3276 seinen
842 3228 867 3278 3.
887 3230 1181 3293 Hunc-mopooatudio.
1202 3227 1262 3277 Dies
1278 3240 1314 3289 ge

246 3290 312 3355 ltlng
330 3292 441 3355 gegeben
466 3292 533 3342 wird
560 3292 610 3342 last
627 3292 759 3357 allgemein
808 3295 883 3343 sobab
902 3302 956 3344 urst
979 3296 1099 3345 naebdem
1116 3295 1189 3344 Eum.
1214 3296 1254 3344 die
1271 3295 1314 3343 Aa

246 3358 385 3411 berlohtet:
408 3360 500 3412 Arriae
519 3360 616 3411 eraiblt
639 3377 666 3412 es
692 3362 759 3412 nicbt
808 3361 922 3411 erbieten
940 3362 985 3412 des
1000 3362 1144 3412 Leonnatus
1162 3361 1314 3425 ausgescblu·

246 3428 296 3477 und
314 3427 411 3479 seboint
434 3444 461 3478 es
486 3428 539 3479 ulae
562 3427 586 3478 in
604 3430 653 3479 den
669 3430 759 3480 beaten
808 3436 856 3491 geta
874 3428 934 3495 (§A)
964 3428 1014 3480 und
1041 3431 1130 3481 descen
1158 3429 1237 3480 Platae
1264 3429 1314 3478 dou

246 3494 353 3562 Queilen
371 3496 438 3546 nicbt
455 3497 579 3560 geltruden
598 3513 629 3546 zu
650 3495 738 3546 baben.
807 3495 943 3546 Perdiccas
962 3498 1133 3548 binterbraebt
1152 3499 1224 3548 batte
1244 3496 1312 3562 (Plut.

280 3565 303 3616 2.
325 3569 413 3618 abeat.
448 3564 500 3615 Der
523 3564 641 3627 Singulae
665 3563 757 3615 ebenso
808 3563 924 3627 Eumdl
984 3586 988 3591 ·

245 3646 267 3681 o.
277 3634 300 3689 A.
313 3635 335 3683 t.
345 3632 420 3683 Pboc.
430 3634 453 3689 3,
466 3636 488 3684 1.
841 3633 874 3683 A.
885 3650 1053 3698 praeoccupare
1066 3635 1255 3698 praedestinavit.
1271 3630 1314 3681 sn

386 3698 615 3819 151515
628 3697 756 3766 A...

280 3838 323 3887 boe
340 3844 439 3901 tempore
456 3834 518 3885 nacb
534 3838 665 3886 Alexandro
684 3837 758 3899 dobp·
776 3894 784 3901 ἡ
807 3834 848 3883 cin
860 3834 976 3884 Anderer
992 3834 1065 3884 einen
1076 3833 1224 3885 Ebtsebluss
1243 3836 1315 3885 lassu

246 3903 298 3952 laur
315 3910 404 3953 mortue
423 3899 492 3967 (βυ.
514 3896 540 3951 S.
551 3901 663 3951 zuPboo.
673 3903 695 3958 2,
706 3904 730 3952 4.
807 3901 904 3952 Maced.
931 3918 963 3951 ru
990 3900 1109 3951 besetzen
1134 3896 1198 3952 eber
1224 3902 1260 3952 es'
1277 3900 1315 3950 eiu

281 3971 343 4021 dieto
361 3968 503 4031 ‘rumsagtss
525 3968 606 4019 Pluut.
616 3968 668 4018 bill.
678 3967 720 4018 111.
732 3971 752 4026 l.
807 3969 923 4020 Anderer
939 3969 1058 4019 besetzeu
1076 3970 1183 4019 konnte'.
1221 3972 1315 4022 Praeda-

249 4034 297 4086 tte
314 4053 364 4088 meu
381 4039 441 4088 boae
459 4040 562 4100 aequatis
577 4040 659 4089 dicam.
678 4036 753 4086 Varr.
807 4041 894 4089 ttinere
910 4037 989 4088 lindet
1005 4037 1058 4087 sicb
1077 4037 1254 4088 venAeltereu
1271 4048 1316 4085 nur
