2742 4766
327 496 332 511 ι
425 479 479 533 vu.
507 479 712 560 meletenus.
734 485 756 534 1.
778 483 802 534 a.
867 469 898 511 9
1101 467 1106 478 ’
1132 470 1171 535 tt

69 633 187 696 efficere
214 635 313 714 possit
338 635 453 697 videtur
482 644 612 715 experta.
663 636 787 698 Constat
814 636 893 699 enim
920 636 998 700 inter
1027 655 1132 699 omues
1207 639 1229 697 .’

70 719 118 800 qui
141 719 178 780 de
201 739 237 780 eo
258 721 421 782 memmiae
443 721 639 800 prodidequnt
660 719 735 782 nibil
758 720 809 781 illo
831 721 926 783 luisse
941 721 1133 784 excellentius

67 804 112 866 uel
135 804 166 865 in
187 804 268 865 vitiis
288 805 334 865 vel
357 805 578 867 invirtutibus.
621 805 715 866 Natus
742 805 775 866 in
803 805 987 885 amplissima
1016 806 1132 869 civitate
1155 811 1174 870 2

68 904 183 951 summo
206 905 324 966 genere,
347 890 478 952 omnium
501 890 606 952 aetatis
629 909 701 951 suae
715 890 808 951 multo
825 890 1072 963 formosissimus,
1086 891 1133 953 ad
1155 949 1157 954 .

68 992 171 1035 omnes
198 993 247 1034 res
275 983 363 1053 aptus
392 974 571 1054 consiliique
599 974 705 1054 plenus
735 977 875 1054 (namque
897 975 1059 1055 imperator
1079 975 1136 1037 luit

67 1077 199 1120 summus
223 1067 252 1120 et
272 1060 347 1120 mari
370 1067 399 1120 et
419 1067 514 1133 terra3
547 1058 677 1120 disertus
699 1067 732 1120 ut
753 1059 784 1119 in
806 1059 913 1140 primis
934 1061 1060 1145 dicendo
1082 1079 1133 1132 εε-θ

65 1143 149 1216 leret,
173 1143 251 1223 quod
280 1150 361 1204 tanta
390 1151 452 1204 erat
479 1143 698 1205 commendatio
727 1144 789 1205 oris
818 1153 906 1224 atque
938 1145 1081 1206 orationis
1103 1151 1135 1207 ut

65 1246 153 1289 nemo
176 1229 203 1289 ei
225 1227 330 1307 posset
350 1227 522 1305 resistere);
545 1228 644 1301 diues,
675 1247 741 1289 cum
763 1236 880 1308 tempus
902 1236 1055 1309 posceret,
1090 1228 1134 1289 la·
1157 1234 1199 1292 3·

64 1313 223 1384 bonosus,
252 1311 386 1391 patiens3
413 1312 562 1385 liberalis,
590 1313 764 1392 splendidus
792 1333 853 1374 uon
885 1314 984 1375 minus
1017 1314 1049 1374 in
1076 1313 1134 1374 vita
1216 1376 1223 1389 ,

66 1414 154 1477 quam
177 1397 271 1471 victu3
301 1396 444 1469 affabilis,
474 1397 618 1471 blandus,
649 1397 833 1478 temporibus
856 1398 1049 1460 callidissime
1071 1417 1135 1460 ser-

62 1483 159 1554 viens,
181 1481 270 1553 idem,
294 1481 419 1542 simulac
440 1501 473 1544 se
495 1482 652 1544 remiserat
673 1502 770 1563 neque
792 1503 880 1545 causa
902 1484 1022 1553 suberat
1042 1501 1135 1561 quare
1156 1488 1176 1546 4

64 1567 157 1628 animi
179 1565 310 1629 laborem
332 1567 492 1645 perferret,
521 1567 707 1642 luxuriosus,
740 1568 921 1642 dissolutus,
944 1566 1134 1642 libidinosus,

63 1650 265 1731 intemperans
287 1650 503 1730 reperiebatur,
525 1660 558 1713 ut
580 1672 684 1714 omues
707 1653 923 1715 admirarentur
943 1653 975 1715 in
997 1672 1056 1714 uno
1078 1653 1133 1713 bo·

65 1734 146 1796 mine
169 1743 279 1796 tantam
302 1754 369 1796 esse
393 1735 663 1801 dissimilitudinem
686 1746 806 1817 tamque
827 1738 974 1800 diversam
989 1747 1133 1799 naturam.

64 1820 213 1881 Educatus
235 1820 333 1881 estin
356 1821 445 1882 domo
468 1822 577 1883 Pericli
599 1823 765 1902 (privignus
788 1822 873 1884 enim.
890 1823 954 1885 eius
978 1823 1072 1884 luisse
1086 1822 1132 1883 di·
1154 1818 1176 1890 2

12 1956 13 1959 ,
65 1905 161 1982 citur),
178 1904 310 1967 eruditus
327 1905 500 1979 aSocratea
512 1925 648 1971 socerum
658 1907 762 1968 babuit
773 1908 983 1987 Hipponicum,
1000 1907 1133 1967 omniurn

65 1989 176 2051 Graeca
208 1990 312 2067 lingua,
336 1991 523 2068 loquentium
552 1990 752 2052 ditissimum:
788 1999 834 2064 ut,
864 1991 890 2053 si
921 1994 987 2071 ipse
1020 1992 1133 2068 lingere
1172 1992 1177 1998 ‘

65 2075 164 2146 vellet,
194 2093 292 2154 neque
319 2075 403 2153 plura
432 2074 512 2136 bona
544 2076 731 2136 comminisci
758 2095 855 2155 neque
883 2077 996 2138 maiora
1030 2081 1157 2154 posset¹

67 2160 209 2239 consequi
239 2178 329 2238 quam
356 2159 402 2219 rel
437 2167 541 2221 natura
577 2161 622 2220 vel
656 2161 772 2243 fortuna
807 2161 959 2222 tribueret.
1008 2161 1175 2229 lueunte2

67 2238 270 2307 adolescentia
300 2251 415 2304 amatus
444 2251 491 2305 est
517 2263 533 2305 a
564 2244 667 2306 multis
695 2264 795 2307 amore
818 2246 1007 2318 Graecorum,
1036 2244 1066 2305 iu
1090 2244 1134 2306 eis

67 2328 206 2403 Socrate,
230 2329 266 2390 de
291 2346 349 2407 quo
372 2328 555 2390 mentionem
577 2330 650 2391 lacit
669 2330 754 2392 Plato
777 2331 808 2391 in
831 2330 993 2411 symposio.
1042 2329 1131 2391 Nam-

69 2431 123 2492 que
146 2433 215 2476 eum
236 2413 352 2479 induxit
373 2422 654 2476 commemorantem
671 2433 703 2476 se
718 2424 911 2494 pernoctasse
928 2434 994 2477 cum
1010 2415 1133 2477 Socrate

68 2611 125 2647 suos
142 2606 191 2649 cet.
208 2600 250 2658 80)
274 2597 333 2661 ging
356 2598 404 2647 ibm
425 2599 517 2663 jedocb
535 2614 578 2648 zu·
627 2597 683 2647 rici.
703 2614 727 2648 u.
748 2614 796 2649 von
812 2599 898 2658 dama,
919 2571 1131 2658 Valllaiellld,
1227 2644 1229 2648 ,

67 2665 158 2716 weilen
175 2674 315 2717 nomentan
326 2667 512 2717 dcrAusdruck
521 2682 574 2716 aus.
628 2673 679 2716 ext.
690 2669 713 2717 l.
727 2666 790 2717 Gell.
798 2667 856 2718 XV.
868 2664 897 2719 l'l
921 2666 1031 2717 Pericles
1049 2666 1136 2717 llbeim
1238 2705 1241 2714 .

100 2735 123 2785 3.
142 2745 252 2801 posceret.
282 2734 335 2784 Der
356 2733 505 2798 Conjunctiv
529 2750 577 2784 von
627 2735 672 2784 des
689 2734 743 2784 Alc.
763 2742 871 2797 genennt
888 2734 966 2793 wind,
996 2733 1075 2783 zbmal
1102 2734 1136 2784 da
1196 2733 1202 2740 ’

68 2799 136 2852 einer
152 2801 334 2851 wiederholteu
352 2802 495 2865 llandlung‚
525 2802 575 2851 wie
627 2803 673 2852 der
690 2801 861 2865 gleichzeitigc
877 2801 948 2851 Plato
967 2818 990 2851 u.
1002 2802 1031 2850 al.
1054 2800 1136 2865 baulig

67 2883 86 2916 c.
95 2870 118 2927 3,
130 2873 153 2920 5.
167 2867 228 2918 Cim.
239 2873 262 2927 4,
273 2871 296 2919 2.
308 2867 354 2935 Ep.
364 2871 387 2927 3,
399 2872 423 2922 3.
434 2874 457 2921 5.
469 2871 574 2933 ΑΒΜ.

67 2932 239 2995 Timolaus
250 2936 572 3003 acciunsmadvqaoc.

98 3009 172 3057 uictus
187 3004 231 3054 das
241 3003 374 3071 physiscbe
385 3004 472 3055 Lebeu
484 3005 576 3067 (Web-

35 3070 37 3078 '
68 3087 137 3135 nung,
160 3071 292 3136 Kleidung,
316 3069 437 3135 Nabrnng
455 3077 572 3135 u.s.w.),

67 3144 110 3192 aila
129 3148 200 3190 sonst
216 3141 261 3190 das
285 3140 370 3190 Leben
393 3140 425 3193 im
442 3140 576 3204 Allgemei-

68 3209 120 3267 neu,
142 3209 166 3257 in
177 3207 340 3274 Verbiudung
351 3208 397 3258 mit
413 3215 493 3268 vietus,
514 3209 576 3259 Wol-

68 3274 110 3325 cbe
128 3276 264 3327 besooders
282 3276 306 3326 b.
320 3276 408 3327 Cicero
424 3278 576 3342 sebrbaiufig

69 3342 105 3401 ist,
127 3344 177 3394 (las.
190 3343 275 3394 cheo
301 3360 388 3396 ausser
412 3345 468 3395 dem
491 3342 576 3414 pbpsi-

69 3411 148 3462 seben.
169 3412 202 3463 lm
209 3412 351 3463 Deutscben
360 3414 449 3463 winde
461 3429 488 3463 cs
499 3414 575 3464 durch

72 3477 215 3530 ‘binslicbcs
227 3481 275 3530 ubd
287 3481 409 3544 sonstiges
422 3481 515 3531 Leben'
533 3497 576 3532 an-

69 3547 175 3598 nibernd
183 3549 460 3611 ausgedrdcktwerdeu
468 3550 573 3600 konnen.

68 3610 147 3665 lleber
164 3616 205 3666 die
223 3617 285 3665 nach
304 3636 371 3684 quom
389 3617 503 3667 leblende
516 3617 576 3668 Pra-

68 3683 170 3746 positiou
189 3700 209 3734 s.
219 3700 249 3733 zu
258 3682 318 3733 Con.
330 3684 352 3742 5,
363 3686 387 3736 2.

100 3747 171 3804 21.
198 3758 223 3804 io
247 3757 322 3804 domo.
356 3751 572 3820 S.zuLys.3‚5.

70 3818 146 3871 Pericli
162 3835 218 3870 vom
236 3818 308 3869 Nom.
329 3823 433 3872 Pericles.
466 3870 468 3874 .

98 3892 214 3952 priaiqaua
232 3904 255 3936 u.
267 3904 287 3937 s.
297 3903 331 3936 w.
355 3886 415 3936 Dies
434 3887 467 3938 ist
484 3887 571 3939 lalsch.

12 4010 13 4013 Ἴ
68 3947 247 4019 Ebensowenig
269 3955 367 4005 scbeint
384 3970 412 4004 es
436 3955 527 4020 ricbtig
543 3970 575 4006 zu
659 3960 682 4009 2.
704 3962 731 4008 de
749 3955 877 4024 quo=dc
895 3968 944 4020 qua
960 3968 996 4012 rc,
1017 3954 1127 4025 wielpb.
1176 3962 1180 3967 ’

69 4020 122 4080 scio,
134 4038 208 4074 wenn
225 4023 279 4073 Alc.
300 4040 348 4074 von
365 4022 438 4073 Diod.
455 4022 521 4085 (llll.
531 4027 574 4088 38)

12 4126 14 4167 l
70 4085 270 4173 dcbweslersobn
281 4085 464 4162 (ἀδελφιδοῦς)
475 4092 518 4143 des
527 4092 575 4144 Pc-

626 2870 672 2920 der
688 2869 898 2921 Vorm'undscbalt
922 2871 965 2919 des
987 2868 1044 2919 Per.
1073 2869 1135 2920 uber

626 2937 666 2987 nie
685 2937 755 2987 einer
771 2953 800 2987 so
818 2939 898 2987 naben
914 2937 1136 2991 Verumtamen

626 3006 763 3069 gedanken.
790 3004 877 3055 Sicber
893 3006 927 3055 ist
950 3020 998 3056 nur
1014 3006 1072 3056 dass
1090 3006 1135 3056 des

625 3073 679 3123 Alc.
693 3073 788 3123 Mutler
799 3072 949 3124 Dinomache
967 3072 1011 3124 des
1022 3073 1134 3125 Pericles
1192 3134 1210 3159 a

626 3142 926 3193 Mutterbruderstocbler
942 3158 1006 3192 war.

659 3220 685 3263 ut
701 3226 726 3259 u.
736 3226 756 3259 s.
765 3226 799 3261 w.
827 3210 918 3261 Dieser
936 3210 1003 3269 Sata,
1024 3226 1054 3260 zu
1071 3207 1134 3259 wel-

627 3279 695 3327 cbem
705 3278 847 3329 Alcibiades
858 3277 961 3344 Subject
972 3279 1013 3337 ist,
1033 3276 1134 3328 beaiebt

626 3346 677 3395 sicb
696 3347 743 3396 aul
762 3344 825 3397 alles
850 3347 898 3397 seit
915 3361 936 3396 c.
947 3348 995 3405 tn
1013 3344 1131 3408 Gesagte.

626 3413 673 3463 Die
684 3412 766 3465 Natur
783 3415 898 3465 ertbeilte
916 3414 964 3464 ihm
980 3414 1063 3464 dicim
1076 3417 1133 3464 lten
1159 3450 1162 3457 .

626 3482 688 3549 Kap.
712 3482 886 3546 aulgezaiblten
904 3482 991 3538 (litter.
1019 3482 1064 3530 das
1083 3479 1137 3547 ⁶⁸1

626 3551 709 3600 achiel
716 3551 757 3600 die
767 3550 791 3600 in
802 3550 894 3600 diesem
905 3549 967 3599 eben
976 3549 1130 3599 eravibntcn.

626 3617 725 3668 ltbeoso
742 3619 846 3668 werden
855 3618 918 3667 Dion
929 3620 948 3676 1,
959 3618 974 3668 2
992 3616 1032 3665 die
1043 3613 1133 3664 Reicb-

625 3687 723 3736 thimer
739 3685 845 3735 «welche
868 3684 932 3734 Dion
965 3699 1013 3732 von
1039 3681 1144 3732 seinem
1191 3709 1200 3732 l

624 3753 705 3806 Vatar
722 3753 792 3803 erbte
810 3751 848 3801 als
865 3752 905 3801 eiu
921 3767 970 3801 uon
988 3751 1034 3801 der
1050 3748 1133 3799 Natur

624 3821 780 3871 verliebenes
799 3819 849 3869 Gut
864 3835 913 3869 von
931 3812 1023 3868 sein‘em
1043 3817 1132 3881 cignea

625 3888 747 3940 Erwerbc
765 3886 920 3952 gescbiedeu.

626 4029 648 4085 l,
659 4028 683 4076 l.
691 4023 798 4074 Timotl.
808 4016 833 4083 4,
842 4023 946 4075 hlium.
958 4025 979 4080 l,
992 4025 1015 4074 5.

658 4097 722 4145 Plato
744 4107 822 4160 symp.
836 4090 911 4146 2190
938 4084 1017 4142 οὐδὲν
1035 4105 1129 4162 περιτ-

966 4177 1009 4228 4*

1273 3954 1281 3983 l
