2764 4768
457 228 471 255 N

332 400 339 419 ⁸
380 431 394 443 ·
451 425 482 474 ιι.
503 424 768 476 reenusroenns.
790 430 813 481 ι.

1081 416 1194 478 ’25

76 597 181 640 omnes
205 591 308 656 gentes
332 586 417 639 erant
447 578 601 638 consecuti
630 586 664 638 ut
690 578 899 655 intellegerent
922 581 1155 642 Lacedaemonii

76 664 125 724 de.
137 662 308 742 principatu
331 662 389 723 sibi
413 681 478 722 cum
501 661 549 722 his
573 661 723 723 certamen
747 664 821 723 fore.
868 665 966 735 Quare
989 684 1041 725 eos
1065 672 1194 743 quaml

76 748 300 817 infirmissimos
323 766 391 808 esse
414 747 562 808 volebant.
606 747 772 825 Postquam
795 754 893 807 autem
909 747 1067 809 audierunt
1089 769 1152 811 mu·

75 851 126 895 ros
150 833 277 904 instrui,
306 832 421 909 legatos
444 828 580 892 Athenas
604 832 752 892 miserunt
782 831 832 909 qui
862 831 892 891 id
921 832 987 892 lieri
1009 840 1153 895 vetarent.

74 915 129 976 His
158 917 369 996 praesentibus
398 915 553 976 desierunt
581 935 616 976 ac
644 935 677 976 se
707 916 744 975 de
766 920 808 976 'ea
837 935 869 976 re
902 915 1017 993 legatos
1041 918 1078 978 ad
1101 937 1154 980 eos

73 1002 223 1065 missuros
246 1001 394 1064 dixerunt.
453 1000 537 1060 Hanc
559 1000 739 1083 legationem
777 999 911 1078 suscepit
933 1001 1152 1063 Themistocles
1177 1007 1193 1061 5

74 1096 105 1146 et
127 1086 211 1146 solus
234 1085 331 1164 primo
354 1084 509 1163 profectus
533 1093 595 1157 est3
637 1084 746 1161 reliqui
769 1083 858 1161 legati
887 1093 921 1144 ut
950 1093 1011 1145 tum
1041 1087 1155 1148 exirent

75 1186 142 1231 cum
168 1170 242 1231 satis
259 1170 384 1230 altitudo
400 1168 478 1228 muri
494 1175 641 1229 exstructa
657 1168 809 1228 videretur
830 1170 1000 1247 praecepit:
1033 1169 1155 1231 interim

73 1273 190 1325 omnes,
215 1254 293 1314 servi
317 1261 405 1334 atque
427 1252 525 1323 liberi,
549 1271 625 1330 opus
648 1253 783 1313 lacerent
806 1272 903 1331 neque
927 1254 978 1313 ulli
1000 1255 1067 1314 loeo
1086 1274 1155 1333 par-

42 1403 48 1410 ,
73 1349 188 1411 nerent,
212 1338 276 1398 sive
298 1356 385 1397 sacer
407 1337 468 1396 sive
491 1336 623 1415 privatus
648 1346 729 1397 esset
752 1337 814 1397 sive
836 1337 984 1415 publicus
1016 1347 1046 1400 et
1067 1340 1155 1400 undi-

72 1442 133 1503 que
158 1423 238 1501 quod
261 1421 402 1499 idoneum
423 1421 459 1480 ad
475 1418 669 1482 muniendum
685 1429 826 1516 putarent
841 1431 1049 1499 congererent
1088 1422 1182 1503 Quo

70 1510 188 1569 lactum
222 1514 270 1567 est
300 1513 332 1565 ut
321 1504 591 1566 trltheniensium
624 1505 700 1565 muri
731 1524 766 1571 ex
795 1506 915 1567 sacellis
941 1507 1154 1601 sepulcrisque

71 1599 258 1653 constarent.
309 1590 531 1650 Themistocles
561 1602 675 1661 autem,
715 1597 747 1649 ιιι
774 1591 1031 1651 Lacedaemonem
1062 1594 1152 1664 venit,
1176 1590 1196 1657 7

72 1667 159 1737 adire
182 1676 218 1735 ad
243 1674 435 1751 magistratus
460 1674 554 1733 noluit
577 1681 607 1734 et
628 1673 712 1734 dedit
734 1693 857 1753 operam
881 1684 912 1734 ιιι
934 1694 1023 1752 quem
1040 1676 1152 1752 longis-

72 1761 149 1821 sime
174 1768 291 1837 tempus
315 1759 438 1819 duceret
460 1777 580 1819 causam
610 1759 803 1836 interponens
833 1778 865 1819 se
893 1759 1024 1837 collegas
1048 1780 1153 1839 exspe-

73 1853 166 1913 ctare
211 1845 285 1905 Cum
307 1844 539 1903 Lacedaemonii
558 1852 755 1920 quererentur
770 1863 845 1922 opus
862 1836 955 1905 nihilo
972 1845 1071 1906 minus
1087 1834 1217 1907 fieri2

73 1947 202 2006 eumque
224 1928 254 1988 in
279 1947 313 1988 ea
335 1947 368 1988 re
397 1928 500 1988 conari
527 1928 646 1998 fallere,
678 1928 798 1987 interim
827 1928 935 2006 reliqui
964 1929 1053 2006 legati
1084 1938 1154 1990 sunt
1213 1942 1218 1947 ’

73 2012 239 2073 consecuti.
291 2014 314 2071 A
344 2013 452 2091 quibus
483 2030 549 2072 cum
579 2012 713 2072 audisset
740 2031 801 2071 non
830 2013 956 2072 multum
993 2032 1153 2091 superesse

72 2097 261 2166 munitionis
287 2097 322 2156 ad
340 2096 471 2175 ephoros
487 2097 794 2157 Lacedaemoniorum
811 2097 949 2167 accessit,
966 2115 1061 2175 penes
1078 2116 1153 2176 quos

72 2201 223 2244 summurn
247 2191 309 2242 erat
332 2181 505 2260 imperium,
536 2188 626 2259 atque
649 2182 727 2259 apud
749 2201 803 2245 eos
826 2181 981 2243 contendit
1007 2181 1081 2242 falsa
1104 2181 1152 2241 his

73 2286 141 2328 esse
167 2267 284 2327 delatae
305 2285 397 2344 quare
421 2282 547 2344 aequum
572 2284 639 2332 esse
663 2266 731 2326 illos
754 2267 835 2326 viros
859 2267 955 2326 bonos
974 2266 1153 2346 nobilesque

72 2353 202 2421 mittere,
227 2352 335 2430 quibus
358 2352 439 2411 fides
455 2351 625 2423 haberetur,
649 2351 784 2429 quirem
810 2352 1015 2429 explorarent3
1039 2351 1152 2412 interea

74 2455 104 2498 se
134 2436 274 2497 obsidem
301 2437 476 2497 retinerent.
528 2435 635 2496 Gestus
664 2443 710 2495 est
699 2435 766 2495 tei
795 2455 875 2509 moe,
911 2444 1032 2514 tresque
1060 2436 1190 2515 legatl3

107 2608 199 2655 dobere
225 2602 318 2652 Hierzu
336 2603 369 2651 ist
387 2618 432 2652 uus
451 2601 506 2651 dem
523 2602 588 2652 Vor-

73 2670 250 2734 hcrgebenden
279 2677 340 2723 idom
362 2689 440 2723 muros
465 2686 489 2719 u.
510 2686 529 2719 s.
551 2685 585 2719 w.

74 2738 118 2789 das
126 2739 220 2806 Object
237 2757 314 2790 muros
332 2755 362 2787 zu
374 2753 506 2801 erganzen.
528 2737 588 2786 Dies

73 2806 106 2857 ist
123 2803 191 2856 bart
314 2822 325 2847 s

106 2876 130 2926 3.
154 2874 231 2924 Tbuc
241 2873 260 2923 l.
269 2877 302 2928 90
343 2873 407 2922 laisst
441 2861 482 2921 die
507 2872 587 2921 feind-

72 2940 136 2991 liobe
158 2941 302 3002 Gesinnung
326 2941 373 2990 der
390 2936 588 2990 Lacedamoriier

73 3009 141 3059 nicht
160 3024 188 3058 so
207 3010 278 3059 starlr
296 3011 481 3066 hervortreten,
506 3009 588 3058 indem

74 3093 102 3127 er
118 3078 161 3126 ihr
178 3076 354 3126 Einselrreiten
371 3077 441 3125 mehr
464 3077 510 3125 der
527 3076 589 3125 Auf-

61 3145 180 3208 ereizung
206 3145 275 3194 ihrer
298 3145 521 3207 Bundesgenossen
551 3142 588 3193 uls

75 3213 119 3262 der
137 3212 219 3276 Serge
238 3214 279 3262 for
292 3212 391 3280 'eignen
409 3211 525 3263 Vortlreil
547 3227 589 3261 zu-

75 3280 193 3330 schreibt

107 3351 131 3400 4.
153 3353 256 3400 instrui:
294 3348 359 3397 ‘dass
390 3348 430 3397 dic
454 3346 590 3397 Vorberei·

75 3423 167 3478 tungen
185 3431 241 3465 zum
257 3415 310 3465 Beu
327 3423 370 3477 get
360 3414 450 3464 troll'en
467 3414 587 3464 werden.

74 3482 152 3534 Tbue.
174 3483 193 3533 l
214 3485 246 3534 89
276 3477 437 3549 [Ἀθηναῖοι]
462 3479 512 3543 τὴν
540 3476 589 3531 πό-

74 3548 116 3600 λιν
141 3545 333 3630 ἆνοικιδομεῖν
356 3545 587 3628 παρεσκευάζοντο

74 3615 171 3668 καὶτὰ
188 3615 270 3698 τείχη
314 3620 346 3670 90
376 3613 589 3698 Λακεδαιμόνιοι

76 3682 105 3735 δὲ
128 3681 293 3766 αἰσθόμενοι
316 3681 348 3735 τὸ
378 3684 475 3753 μέλλον
504 3673 590 3745 ἦλθον

75 3751 212 3821 πρεσβείᾳ

109 3826 132 3872 5.
154 3828 202 3873 siue
220 3839 292 3873 soem.
328 3821 393 3871 Dass
418 3832 473 3869 man
496 3818 590 3880 heilige

77 3887 196 3939 Geb‘a'ude
215 3904 271 3938 zum
288 3889 342 3938 Bau
367 3887 501 3938 verwondt
525 3885 590 3935 trabe

76 3964 131 4020 sagt
162 3956 220 4007 lein
256 3957 365 4006 enderer
394 3954 586 4011 Schril‘rsteller.

76 4022 152 4075 Thuc.
163 4023 181 4074 l.
194 4026 227 4077 90
246 4032 303 4087 sagt
324 4020 504 4091 φειδομένους
521 4016 590 4090 μήτε

641 2597 710 2652 idion
728 2596 796 2662 μήτε
815 2600 960 2682 δημοσίου
971 2596 1154 2684 οἰκοδομήμα-

639 2686 694 2727 τος,
714 2670 787 2719 Diod.
797 2670 842 2720 Xl.
855 2673 889 2722 ru
907 2663 960 2719 οὔτ’
982 2665 1067 2724 οἰκίας
1091 2663 1153 2720 οὔτε

640 2755 674 2789 τα
701 2754 732 2786 oo
751 2732 920 2807 φὲιδόμενοι

672 2754 699 2861 ί)
721 2807 744 2856 2
766 2811 874 2857 cumbae.
888 2814 1035 2871 quererentur
1053 2822 1077 2853 u.
1087 2822 1107 2854 s.
1117 2820 1150 2852 ιι.

640 2874 701 2923 Hier
724 2872 818 2922 weicht
834 2871 919 2937 Nepos
942 2888 991 2920 von
1015 2872 1093 2923 Thuc.
1122 2872 1152 2922 ab

639 2943 689 2991 und
720 2940 783 3002 folgt
816 2940 948 2989 derselben
979 2939 1067 3005 Quelle
1102 2941 1160 2990 wie

640 3007 799 3065 DiodortXl.
810 3011 851 3065 lot
871 3008 1150 3066 undPlutarelrtThem.
1234 3008 1239 3013 ’

642 3080 691 3135 tet.
729 3074 799 3125 Nach
824 3075 936 3126 Thnel.
955 3078 985 3128 91
1018 3076 1153 3139 bellagten

640 3145 693 3194 sich
712 3145 752 3193 die
771 3144 970 3194 Laceddmonier
987 3145 1067 3202 nicht,
1098 3161 1163 3194 son--

641 3212 703 3262 dern
715 3212 802 3262 Tbem.
824 3212 935 3262 forderte
949 3213 992 3271 sie,
1016 3213 1052 3262 als
1070 3229 1099 3261 er
1109 3213 1153 3261 seb

641 3281 700 3330 dass
725 3280 762 3329 sie
786 3280 835 3329 ihm
861 3281 930 3331 nicht
953 3282 1024 3329 mehr
1041 3288 1149 3337 meloten,
1227 3298 1229 3302 ·

640 3365 689 3398 von
707 3348 785 3398 selbst
803 3350 850 3398 auf
860 3348 986 3398 Gesandte
1000 3349 1061 3397 nach
1072 3344 1154 3398 Allien

641 3432 672 3464 zu
690 3417 793 3465 senden

673 3488 823 3537 munitionis:
852 3491 908 3532 ‘von
933 3484 979 3531 der
995 3482 1085 3531 Arbeit
1108 3481 1152 3529 des

640 3551 814 3613 Belestigens'.

673 3621 936 3671 intereo-'retinerent
956 3616 989 3666 So
1007 3614 1069 3664 auch
1077 3612 1150 3663 Diod

639 3686 685 3736 ΧΙ.
704 3690 739 3738 to
757 3682 811 3744 (καὶ
830 3679 934 3733 τούτων
951 3676 1152 3748 ἕγγυητὴνὲαιι-

640 3750 690 3872 {bh
706 3748 1153 3870 fahsdiffosstbobylffinThuc30urhl

641 3835 822 3949 ιιίθοοίιιιιίἓίι
844 3884 1026 3935 scurinsteller
1059 3883 1154 3933 wissen

641 3957 745 4005 biervon
763 3953 859 4007 Nicbts.

676 4026 700 4075 3.
722 4033 819 4089 tresque.
850 4020 899 4069 Die
915 4018 1084 4069 Atheniscben
1105 4018 1153 4068 Ge·
1216 4046 1220 4049 ·
1255 4069 1267 4081 Χ
