2750 4768
200 469 261 533 130
485 480 489 485 ’
576 474 669 529 xvxix.
689 473 856 527 hbtfflltsss.
877 477 955 528 ass

196 633 278 702 'itis
299 632 479 694 referentem
502 629 626 708 gratiam
650 646 737 707 quam
761 628 909 706 ingratum
930 626 1039 688 virere.
1082 624 1187 707 ltaque
1209 627 1314 708 copias
1363 628 1365 635 ’

240 716 395 787 contraxit,
418 714 530 777 bellum
552 714 695 775 adversus
717 711 898 791 Antigonum
920 712 1115 792 compararit.
1152 712 1240 785 Quod
1257 730 1314 774 una

239 808 324 863 erant
344 800 525 862 Macedones
554 798 724 876 complures
754 797 888 871 nobileS,
919 797 949 858 in
977 797 1025 858 his
1053 797 1232 869 Peucestes,
1262 796 1313 875 qui

239 884 376 965 corporis
399 895 501 945 eustos
524 883 622 944 luerat
643 881 819 955 Alexandri,
852 891 914 944 turn
942 890 1041 943 autem
1066 880 1221 942 obtinebat
1238 880 1314 943 Per·

239 970 345 1043 sidem,
370 977 399 1030 et
419 967 597 1045 Antigenes,
626 966 710 1027 cuius
734 967 789 1027 sub
819 965 946 1045 imperio
975 966 1104 1045 phalanx
1131 973 1196 1026 erat
1217 966 1313 1028 Mace·

239 1054 359 1125 donum,
382 1052 523 1114 invidiam
553 1054 794 1129 verens,‘·quam
822 1059 921 1112 tamen
955 1052 1087 1129 elingere
1118 1068 1191 1137 nonx
1207 1049 1313 1129 potuit,

239 1138 266 1200 si
289 1137 389 1217 potius
411 1136 478 1216 ipse
507 1135 675 1213 alienigena
705 1135 813 1196 summi
840 1135 959 1214 imperii
982 1135 1130 1214 potiretur
1152 1153 1242 1214 quam
1265 1133 1314 1194 alii

198 1226 216 1285 2
239 1222 444 1293 Macedonum,
468 1238 595 1299 quorum
618 1220 659 1280 ibi
683 1227 746 1280 erat
768 1219 934 1293 mullitudo,
958 1219 988 1280 in
1011 1213 1170 1299 principiis
1187 1212 1315 1279 Aleion·
1363 1212 1365 1275 i

238 1307 285 1369 dri
308 1305 430 1369 nomine
452 1304 678 1366 tabernaculum
700 1304 804 1382 statuit
825 1303 856 1365 in
879 1323 976 1383 eoque
991 1304 1095 1365 sellam
1112 1321 1233 1365 auream
1249 1320 1313 1363 cum
1364 1318 1365 1329 ²

239 1391 359 1469 seeptro
382 1406 418 1450 ac
439 1388 608 1451 diademate
631 1388 718 1449 iussit
741 1387 813 1467 poni
835 1406 932 1468 eoque
954 1407 1058 1450 omnes
1082 1388 1216 1468 quotidie
1243 1404 1312 1446 eon-

131 1474 138 1485 '
238 1474 351 1546 venire,
375 1482 406 1534 ut
429 1473 470 1534 ibi
493 1474 530 1534 de
553 1473 677 1534 summis
699 1471 791 1533 rebus
813 1472 939 1533 consilia
963 1483 1157 1552 caperentur,
1186 1471 1310 1534 credens
1363 1532 1365 1539 ,

144 1636 147 1643 1
232 1559 355 1620 minore
377 1575 411 1618 se
433 1557 544 1620 invidia
567 1559 646 1630 lore,
678 1557 705 1618 si
726 1556 830 1635 specie
858 1557 977 1636 imperii
1008 1557 1199 1635 nominisque
1223 1556 1311 1616 simu·
1363 1542 1365 1619 l

132 1700 141 1715 ,
238 1642 350 1704 latione
372 1642 530 1703 Alexandri
551 1642 662 1703 bellum
684 1641 834 1703 videretur
849 1639 1062 1704 administrari.
1101 1641 1189 1714 Quod
1201 1639 1311 1723 ‘effecit

198 1731 216 1790 3
238 1727 313 1788 Nam
335 1745 402 1787 cum
432 1745 492 1788 non
521 1725 558 1786 ad
580 1726 724 1787 Eumenis
752 1725 902 1805 principia
931 1728 984 1788 sed
1008 1726 1044 1787 ad
1067 1726 1149 1804 regia
1173 1723 1309 1787 conveni·

239 1819 321 1873 retur
342 1819 429 1889 atque
452 1810 495 1871 ibi
517 1810 667 1872 derebus
690 1811 926 1884 deliberaretur,
951 1810 1171 1890 quodammodo
1195 1808 1308 1879 latebat,
1359 1862 1365 1907 1

196 1890 221 1962 8
243 1913 310 1957 oum
332 1902 431 1956 tamen
453 1914 508 1973 per
530 1913 598 1955 eum
620 1913 711 1955 unum
735 1903 910 1974 gererentur
932 1896 1043 1957 omnia.
1086 1895 1142 1956 llic
1158 1894 1189 1954 in
1205 1895 1308 1955 Parae-
1363 1910 1365 1979 q

240 1979 315 2040 tacis
338 1998 404 2041 cum
426 1979 577 2057 Antigono
600 1979 735 2040 conflixit
757 1998 817 2040 non
840 1979 905 2041 acie
927 1979 1071 2041 instructa
1091 1980 1143 2040 sed
1160 1979 1190 2039 in
1206 1978 1308 2041 itinere

239 2082 365 2143 eumque
394 2063 471 2124 male
499 2072 654 2143 acceptum
681 2064 711 2127 in
734 2063 861 2147 Mediam
891 2063 1054 2125 hiematum
1084 2063 1184 2141 coegit
1206 2062 1310 2124 redire.

237 2148 307 2227 lpse
336 2148 367 2208 in
395 2147 520 2208 finitima
548 2148 671 2224 regione
698 2147 831 2210 Persidis
864 2148 1028 2235 hiematum
1063 2148 1167 2228 copias
1203 2145 1309 2217 divisit,

196 2235 215 2293 2
238 2250 300 2293 non
321 2239 354 2293 ut
375 2230 469 2291 voluit
490 2231 543 2292 sed
567 2242 598 2292 ut
619 2232 746 2293 militurn
769 2232 895 2309 cogebat
916 2233 1063 2294 voluntas.
1106 2233 1242 2312 Namque
1263 2230 1308 2290 illa

237 2314 366 2395 phalanx
388 2314 558 2376 Alexandri
568 2315 666 2394 Magni
678 2328 766 2395 ¹quae
784 2316 885 2378 Asiam
905 2326 1081 2397 ‚peragrarat
1102 2317 1307 2395 deviceratque

237 2399 348 2461 Persas
370 2398 531 2461 inveterata
560 2417 626 2460 oum
655 2400 748 2478 gloria
777 2409 839 2462 tum
867 2402 958 2464 etiam
979 2402 1101 2464 licentia
1125 2422 1184 2463 non
1208 2418 1308 2481 parere

238 2502 272 2545 se
294 2482 420 2544 ducibus
443 2484 495 2545 sed
519 2483 667 2563 imperare
688 2485 868 2564 postulabat,
891 2496 926 2547 ut
948 2505 1028 2548 nunc
1048 2486 1181 2549 veterani
1199 2486 1306 2546 iaciunt

162 2586 168 2603 s
237 2566 346 2630 nostri.
389 2568 492 2647 ltaque
514 2568 681 2648 periculum
710 2577 757 2630 est
785 2588 822 2631 ne
845 2571 956 2632 laniant
983 2570 1064 2652 qubd
1093 2571 1136 2631 illi
1165 2572 1306 2639 lecerunt,

238 2670 292 2714 sua
314 2652 545 2731 intemperantia
566 2654 719 2732 nimiaque
741 2654 863 2731 licentia
885 2665 919 2717 ut
940 2656 1041 2717 omnia
1066 2656 1194 2736 perdant
1214 2670 1307 2734 neque

269 2843 296 2906 7·
316 2855 436 2917 Actiqems
462 2853 545 2903 lrihrte
563 2853 604 2903 die
622 2854 676 2918 Arg
708 2868 748 2904 cs·
798 2855 930 2906 mehrerer
954 2855 1126 2918 angesebener
1148 2852 1307 2905 Macedonier

234 2917 311 2984 piden
328 2917 410 2980 (Diod.
420 2918 511 2970 XVlll.
522 2922 628 2973 59.Arr.
638 2918 662 2969 b.
694 2922 745 2971 hot.
799 2923 863 2973 eheu
880 2931 934 2974 erst
951 2923 1076 2974 berichtct
1092 2922 1134 2972 ist.

236 2983 573 3050 ttb‚te.Plut.num.16):
588 2988 748 3039 sichildeten
834 2992 857 3041 2.
876 2996 992 3058 principio
1015 2990 1082 3040 biess
1110 2989 1143 3039 im
1172 2988 1306 3038 romischen

236 3051 277 3101 die
296 3051 409 3102 Phalanx
431 3069 489 3103 von.
500 3054 571 3104 Eum.
593 3055 668 3106 Heer.
701 3056 749 3108 Mit
798 3057 884 3121 Lager
901 3058 942 3107 die
953 3059 1131 3125 Hauptstrosse
1149 3055 1246 3106 welche
1255 3056 1308 3105 des·

236 3118 324 3169 diesen
334 3119 426 3169 boland
436 3120 568 3172 sichEum.
578 3123 748 3189 (01.1152=)
799 3125 869 3176 solbe
895 3141 973 3191 qucer
1000 3125 1183 3183 durchschnitt,
1215 3124 1241 3172 iu
1264 3122 1308 3172 dor

235 3188 284 3240 att
304 3186 329 3236 in
347 3185 451 3237 Cilicieu
469 3203 492 3237 u.
514 3188 637 3239 Phoenice
655 3206 679 3240 u.
699 3192 755 3243 trel
799 3193 872 3244 Mitte
890 3193 933 3257 lug
950 3196 1012 3244 nabe
1031 3208 1062 3243 an
1080 3193 1120 3242 ihr
1137 3190 1250 3242 dusZelt
1266 3190 1306 3239 aes
1359 3244 1360 3249 ,

234 3254 312 3305 sehon
329 3254 385 3304 hier
402 3254 615 3320 dieEinriohtung
631 3258 747 3310 mitdem
798 3262 938 3312 Anttnrers
962 3264 1121 3329 (praetorium)
1150 3261 1201 3310 und
1223 3258 1308 3308 belan-
1359 3304 1360 3315 r

233 3320 291 3372 Zelt
315 3323 481 3373 Alexandcrs.
514 3324 570 3375 Von
594 3326 626 3375 da
649 3342 698 3390 zog
718 3343 755 3381 cr,
798 3329 847 3378 den
870 3330 922 3379 sich
947 3329 987 3379 die
1011 3327 1178 3379 Peldzeichen
1202 3327 1251 3376 und
1269 3325 1306 3375 die

234 3404 267 3439 zu
284 3389 355 3440 Eudo
379 3390 424 3441 des
441 3390 516 3442 lehrs
541 3408 590 3442 von
607 3394 747 3458 Antigonus
796 3395 893 3446 Altdre.
915 3395 961 3446 Die
974 3396 1105 3454 Griechen,
1126 3395 1225 3446 welche
1243 3394 1306 3443 nicht

233 3456 344 3521 vertolrt
362 3459 423 3508 nach
441 3458 489 3511 den
504 3460 583 3510 obern
601 3461 743 3527 Sutrapien,
796 3463 847 3513 wie
871 3464 911 3513 die
935 3465 1027 3515 Reimer
1050 3465 1106 3514 eine
1131 3464 1198 3513 leste
1216 3462 1308 3525 Leger-
1358 3502 1359 3509 ,

233 3540 275 3576 wo
293 3525 429 3577 Peucestes
452 3527 504 3576 sich
527 3529 573 3578 init
599 3529 647 3578 ihm
665 3529 748 3579 verei-
796 3531 910 3594 ordnung
928 3533 1021 3591 hatten,
1042 3534 1128 3582 hatten
1146 3531 1210 3580 auch
1223 3531 1305 3580 dieocn

193 3640 197 3645 .
233 3592 743 3656 niriechuaxvtflto-tu.rom.
795 3597 954 3650 bestimmten
972 3600 1020 3651 Ort
1037 3600 1118 3657 nicht,
1147 3599 1198 3648 oud
1214 3596 1247 3648 N.
1266 3598 1305 3646 het

235 3661 562 3725 12-15.Plur.hu1n.13).
796 3666 852 3716 hier
868 3667 919 3717 wie
937 3669 1044 3731 Arum
1063 3664 1307 3717 rrimisoheEinriolt·
1357 3710 1358 3719 ,

271 3730 292 3779 1.
313 3737 395 3782 rumori
411 3735 465 3796 imp.
476 3740 524 3797 pot.
544 3731 569 3782 S.
580 3731 679 3799 quys.
690 3736 742 3790 1,4.
796 3741 889 3797 tungen
907 3736 954 3786 eui
967 3736 1122 3799 griechisohe
1135 3733 1306 3786 Verhriltnisso

268 3799 310 3847 olii
327 3800 476 3850 Macedonum
488 3823 524 3844 =
539 3800 655 3857 ‘Andere
678 3803 745 3850 nam·
796 3802 957 3865 ribertragen.
978 3804 1047 3853 Aber
1064 3809 1135 3852 sonst
1152 3803 1186 3852 ist
1204 3801 1244 3851 die
1262 3800 1308 3850 Be·

208 3922 213 3931 Ι
231 3858 282 3910 lich
300 3863 397 3941 pelcho
413 3880 470 3913 von.
484 3865 532 3915 den
549 3866 743 3918 Macedoniarn'.
795 3870 934 3934 zeiohnung
951 3872 998 3922 der
1014 3870 1085 3933 Lago
1101 3869 1224 3936 possend:
1245 3868 1306 3918 deun

232 3926 370 3992 Uebrrgens
398 3934 470 3981 wire
493 3941 557 3983 stult
580 3934 628 3985 der
650 3934 745 3987 Worte
795 3938 841 3987 dos
858 3937 915 3988 Zelt
939 3939 1148 3989 aesAlexanuer
1170 3936 1259 3986 surde
1281 3936 1305 3985 ic

232 3997 451 4077 nliifmultitudo·
465 3998 555 4050 besson
578 4016 626 4051 nur
651 4007 745 4055 illorum
796 4005 841 4054 der
850 4006 923 4056 Mitte
941 4007 986 4056 des
997 4006 1095 4069 nagera
1113 4003 1305 4068 aulposchlagen

229 4064 319 4128 cirqurs
338 4072 443 4127 gesetzt,
465 4065 497 4116 da
515 4067 746 4121 dieAnwesenhcit
795 4071 987 4141 (PolybuStrat
997 4074 1040 4126 lv.
1050 4076 1074 4131 8.
1086 4075 1120 4136 2).
