2764 4768
180 407 223 469 24
248 474 254 484 ,
494 386 509 395 ’
557 409 918 463 tt.TtlEtttsTO0L1ts.o.

223 585 331 630 verens
353 584 398 626 nc
412 563 525 625 bellare
547 571 753 640 perseveraret
774 563 933 622 certiorem
957 580 1024 623 eum
1053 560 1124 621 iecit
1144 559 1175 619 id
1198 560 1248 636 agi
1274 568 1313 619 ut

194 660 206 670 '
224 670 302 731 pons
325 668 413 728 quem
442 648 492 707 ille
523 647 555 706 in
577 646 773 724 Hellesponto
797 646 911 707 iecerat
933 644 1150 705 dissolveretur
1169 663 1208 719 ac
1229 643 1308 704 red-

184 743 202 801 2
226 736 268 797 itu
297 735 327 794 in
356 733 456 793 Asiam
486 731 706 792 excluderetur‘
721 730 813 808 idque
841 731 869 789 ei
897 729 1058 807 persuasit.
1108 727 1307 806 ltaqne‘qua

224 839 276 881 sex
298 817 452 879 mensibus
474 816 532 876 iter
554 816 666 875 lecerat
689 815 793 875 eadem
815 813 915 874 minus
938 813 1044 873 diebus
1065 831 1119 872 xxx
1145 813 1174 872 in
1197 811 1308 873 Asiam

222 920 361 966 reversus
390 906 438 961 est
463 918 557 978 seque
580 918 597 959 a
619 897 823 959 Themistocle
850 917 911 958 non
940 904 1114 975 superatum
1142 896 1196 956 sed
1227 913 1305 956 con-

184 996 201 1053 3
224 995 374 1050 servatum
397 985 550 1046 iudicavit.
595 984 645 1044 Sic
669 982 836 1043 uniustviri
859 982 1016 1060 prudentia
1035 981 1158 1041 Graecia
1175 979 1304 1041 liberata

226 1080 272 1134 est
297 1071 495 1148 Europaeque
523 1067 681 1129 succubuit
712 1067 793 1127 Asia.
842 1067 925 1127 Haec
952 1067 1044 1127 altera
1071 1064 1196 1125 victoria
1224 1084 1304 1143 quae

225 1148 293 1218 cunt
315 1153 503 1215 Marathonio
524 1152 623 1230 possit
644 1151 812 1230 comparari
836 1161 970 1229 tropaeo.
1020 1150 1093 1210 Nam
1109 1149 1180 1227 pari
1209 1150 1304 1208 modo

225 1239 305 1319 apud
328 1238 478 1299 Salamina
500 1255 591 1314 parvo
614 1255 738 1296 numero
762 1235 879 1296 navium
903 1235 1030 1296 maxima
1052 1242 1122 1313 post
1146 1234 1304 1294 huminum

224 1323 402 1386 memoriam
424 1320 531 1381 elassis
554 1329 600 1380 est
625 1321 751 1381 devicta.
1222 1328 1230 1340 ‘

184 1407 205 1477 θ
312 1407 437 1483 Magnus
464 1405 523 1465 hoc
557 1404 637 1466 hello
672 1403 892 1464 Themistocles
928 1404 984 1463 fuit
1011 1418 1108 1480 neque
1141 1402 1241 1469 minor
1270 1401 1300 1461 in

225 1508 310 1573 pace.
355 1490 427 1550 Cum
452 1489 531 1553 enim
554 1489 709 1550 Phalerico
738 1500 827 1567 portu
849 1506 946 1566 neque
969 1505 1076 1567 magno
1098 1505 1198 1565 neque
1219 1485 1299 1545 hono

225 1574 426 1636 Athenienses
449 1581 618 1642 uterentur,
646 1574 736 1633 huius
765 1571 892 1633 consilio
928 1571 1033 1650 triplex
1056 1571 1173 1632 Piraeei
1195 1580 1301 1649 portus

225 1659 407 1721 constitutus
430 1666 477 1718 est
498 1658 584 1736 isque
606 1657 764 1717 moenibus
788 1657 998 1727 circumdatus
1022 1665 1055 1715 ut
1076 1657 1173 1734 ipsam
1196 1654 1300 1715 urhem

184 1751 201 1808 2
225 1742 370 1820 dignitate
393 1742 610 1821 aequiperaret,
634 1743 759 1803 utilitate
782 1749 948 1820 superaret.
993 1742 1075 1801 idem
1091 1758 1194 1800 muros
1209 1739 1301 1799 Athe-

225 1827 373 1889 niensium
402 1826 539 1887 restituit
564 1828 727 1905 praecipuo
756 1845 811 1906 suo
830 1826 990 1904 periculo.
1034 1824 1173 1902 Namque
1207 1825 1300 1884 Lace-

225 1911 377 1973 daemonii
400 1930 519 1971 causam
548 1910 687 1971 idoneam
716 1912 795 1982 nacti
825 1912 954 1988 propter
977 1906 1173 1969 harharor'um
1196 1926 1296 1973 excur-

171 1993 175 2001 ’
225 1996 328 2057 siones
352 2014 408 2072 qua
432 1989 577 2072 negarent
599 2005 738 2073 oportere
768 2004 847 2055 extra
871 1995 1112 2073 Peloponnesum
1134 1992 1227 2052 uilem
1250 2011 1300 2052 ur·

224 2080 293 2141 hem
315 2078 435 2152 hahere,
458 2097 496 2139 ne
519 2088 621 2138 essent
642 2078 709 2138 loca
731 2079 844 2139 mnnita
868 2098 957 2157 quoe·
972 2078 1075 2138 hostes
1098 2077 1300 2156 possiderent,

185 2163 423 2228 3Athenienses
453 2163 645 2223 aedificantes
675 2163 836 2240 prohibere
866 2171 936 2222 sunt
964 2162 1074 2223 conati.
1125 2162 1190 2222 lloc
1211 2161 1299 2238 longe

197 2281 201 2287 ·
226 2248 285 2309 alio
309 2247 465 2325 spectabat
487 2254 575 2324 atque
597 2247 692 2307 videri
715 2247 863 2308 volebant.
907 2247 1114 2307 Athenienses
1128 2247 1208 2306 enim
1227 2247 1299 2305 dua·

225 2331 281 2391 hus
304 2330 453 2402 victoriis,
476 2330 661 2390 Marathonia
686 2340 714 2390 et
737 2331 914 2403 Salaminia,
938 2340 1049 2392 tantam
1074 2331 1197 2408 gloriam
1222 2330 1299 2408 apud
1332 2402 1335 2413 Ι

226 2511 316 2563 Schein
328 2510 478 2575 vorhringen
495 2514 601 2562 undden
612 2514 737 2563 Aristides
783 2513 835 2563 nie
861 2515 949 2563 wahre
966 2513 1025 2563 Zeit
1047 2499 1135 2562 waren
1155 2517 1171 2565 4
1189 2513 1298 2564 Monate.

226 2580 306 2630 duvon
324 2580 446 2629 abruthen
463 2580 538 2638 liisst‚
571 2581 625 2631 dem
649 2581 734 2631 Them.
789 2582 881 2630 Herod.
892 2581 957 2632 Vlll.
968 2585 1009 2632 51.

225 2647 298 2698 leinc
317 2647 508 2710 sclhstsiichlige
519 2648 622 2697 Ahsicht
635 2649 675 2698 hei
689 2650 738 2698 sei·
823 2654 904 2700 diebus
923 2653 984 2700 XXX.
1003 2649 1132 2699 Viehnehr
1145 2652 1186 2700 45.
1207 2649 1298 2698 Herod.

225 2731 270 2764 ner
287 2715 405 2778 llleldung
428 2715 571 2765 zuschreiht
595 2716 644 2764 und
668 2717 737 2765 diese
788 2715 854 2767 Vlll.
869 2718 925 2766 t15.

225 2782 262 2833 als
286 2782 474 2845 Veranlassung
503 2799 549 2832 zur
576 2784 665 2833 Flucht
693 2785 737 2833 des
821 2793 974 2835 reverterent.
989 2781 1298 2848 S.Zumpt§2092ullnde.

224 2848 326 2899 Xerxes
345 2851 437 2913 uugiht.
458 2851 595 2900 Aeschines
608 2852 632 2900 d.
645 2851 737 2901 Sokra-
823 2852 847 2902 3.
869 2854 964 2902 Graecia
974 2855 1071 2903 literato
1081 2861 1121 2902 est.
1141 2850 1217 2901 Nicht
1226 2867 1296 2914 ganz,

226 2917 293 2966 tiker
309 2918 333 2966 h.
354 2918 459 2968 Aristid.
480 2917 510 2967 ll.
532 2921 580 2970 293
598 2919 672 2968 Dind.
696 2934 736 2968 er·
789 2918 821 2967 da
838 2917 983 2968 Mardonius
1001 2918 1171 2967 zurriclhlieh.

224 2985 311 3033 wihnt
329 2983 352 3035 in
372 2986 417 3045 der
435 2985 514 3035 Sache
534 2987 587 3035 iilos
607 2986 646 3035 die
660 2987 736 3035 Athe·
822 2990 883 3037 llaec
901 3002 998 3034 u.s.w.
1036 2985 1119 3035 Ueher
1143 2988 1188 3036 das
1212 3002 1300 3050 ausge-

225 3066 271 3100 ner
289 3051 338 3099 und
355 3052 417 3101 liisst
435 3054 482 3101 den
500 3053 596 3111 Them,
618 3055 738 3103 nuchdem
788 3054 887 3102 lussenc
907 3064 939 3104 est
957 3069 977 3102 s.
988 3052 1116 3103 zu'l'hras.
1128 3056 1192 3119 3,2.Ι

209 3122 255 3168 ‘cr
272 3117 341 3167 diese
360 3119 547 3169 niehthereden
563 3122 661 3179 lonnte,
685 3121 738 3170 die·
822 3116 851 3174 6.
873 3119 900 3169 ln
918 3121 973 3169 dem
992 3121 1125 3183 folgenden
1142 3122 1232 3171 Theile
1250 3122 1301 3172 die-

225 3185 294 3235 selhe
304 3185 421 3248 Meldnug
438 3187 488 3235 wie
496 3187 607 3237 Herodot
622 3190 733 3238 rueehen.
788 3203 830 3237 ser
856 3187 1139 3252 Lehenshcschreihung
1162 3189 1195 3239 ist
1216 3189 1299 3255 Nepos

224 3252 272 3304 Mit
289 3250 373 3318 Nepos
391 3253 485 3304 stimmt
502 3255 597 3305 Diodor
620 3255 675 3319 (Xl.
695 3259 735 3318 19)
788 3255 973 3321 heuptsiielilich
992 3257 1047 3306 dem
1066 3256 1235 3324 Thucydides,
1259 3258 1301 3307 du-

225 3320 337 3371 dherein.
358 3319 524 3372 Nochdustin.
538 3323 611 3380 itta.
624 3328 647 3375 5.
658 3325 736 3373 Fron·
789 3324 868 3372 heheu
892 3324 953 3373 aher
977 3326 1038 3373 auch
1063 3326 1158 3374 andern
1184 3325 1296 3390 Quellcn,

190 3428 195 3439 .
224 3387 269 3438 tin.
291 3386 321 3437 ll.
337 3391 359 3446 6,
376 3390 400 3440 8.
436 3389 555 3469 Polpaen.
582 3399 687 3454 strateg.
711 3394 732 3443 l.
786 3391 993 3441 wahrscheinlich
1012 3392 1134 3458 Ephorus
1160 3393 1264 3456 gelolgt.

224 3456 302 3512 30,3
335 3456 436 3506 wollten
470 3459 509 3507 dre
542 3458 665 3508 Griechen
695 3459 734 3507 die
823 3462 845 3509 1.
866 3464 951 3525 triplec
974 3464 1073 3512 oPirocei
1108 3477 1131 3509 u.
1141 3477 1161 3509 s.
1171 3477 1206 3510 w.
1249 3461 1299 3510 ner·

223 3523 321 3573 Briiclre
345 3524 497 3582 ahhrechen,
531 3525 616 3575 Them.
642 3526 736 3575 wider·
788 3526 918 3575 llafenhau
942 3529 1031 3576 wurde
1058 3530 1134 3577 sehon
1153 3537 1227 3578 unter
1245 3530 1299 3578 dem

143 3590 148 3601 “
222 3590 287 3641 rioth
307 3607 334 3640 es
353 3594 402 3641 und
425 3592 462 3641 uls
486 3593 523 3655 sie
544 3593 611 3643 nicht
629 3593 731 3656 iolgten,
786 3595 926 3644 Archontat
943 3594 1080 3646 desThem.
1097 3596 1236 3658 hegonnen,
1259 3596 1298 3646 01.

221 3658 379 3708 veruulusste
398 3675 427 3708 er
444 3660 520 3709 durch
538 3661 608 3711 scine
618 3661 736 3725 Meidung
787 3664 827 3719 tt,
844 3664 971 3723 3=‚482;
998 3664 1038 3712 dio
1062 3663 1223 3727 Vollendung
1245 3665 1301 3714 des·

223 3725 271 3777 den
287 3725 389 3776 Xerxes
408 3728 485 3776 durch
504 3727 544 3777 die
556 3728 644 3778 Flncht
661 3729 734 3779 ihnen
786 3730 872 3779 selhen
891 3731 940 3780 und
958 3730 1169 3793 dieBelestigung
1187 3732 1301 3793 eberge-

222 3794 455 3843 zuvorzulommen.
785 3798 861 3848 schah
880 3805 934 3847 erst
941 3800 1002 3847 nach
1010 3799 1056 3849 der
1066 3798 1098 3847 im
1106 3797 1250 3861 Folgeudeu
1260 3814 1300 3847 er-

257 3861 280 3911 2.
306 3879 348 3912 see
373 3867 499 3913 mensibus.
535 3864 581 3925 Ag.
599 3866 656 3921 tt
682 3863 735 3925 giht
786 3864 885 3914 zaihlten
899 3865 1036 3925 Erhanung
1049 3866 1095 3914 der
1110 3866 1300 3924 Stadtrnauem,

221 3924 309 3991 Nepos
327 3928 383 3977 dein
394 3928 734 3996 pseudoxenophonteischen
787 3932 1086 3989 01.tu‚l=477.Ttuc.
1099 3933 1117 3982 1.
1130 3937 1172 3986 93.
1212 3962 1217 3975 ·

211 3993 298 4075 ¹Apes.
319 3995 341 4051 2,
366 3998 376 4046 1
407 3995 507 4058 folpend
534 3997 574 4048 ein
603 3997 667 4048 Jahr
692 4013 731 4047 on.
820 4001 844 4050 2.
866 3999 904 4049 01.
916 4003 956 4058 ih,
970 4003 1084 4053 3=ttu
1233 3999 1241 4033 l
