2742 4766
445 442 525 495 xuu
546 414 713 495 9999999
725 447 748 498 9.
762 449 801 498 99.
860 439 864 449 ’
1142 440 1184 502 97

70 613 125 672 que
145 570 299 694 cogitanti
329 612 420 689 saepe
450 595 618 667 accidebat,
646 598 902 683 Autophrodates,
936 619 1003 661 cum
1030 602 1208 665 1991199995

68 679 135 738 duci
164 698 276 739 marore
308 678 388 755 regis
424 680 590 741 calamitate
624 699 713 758 quam
747 670 984 743 adversariorum
1017 687 1141 759 videret,

68 780 171 840 pacem
200 763 422 843 amicitiamque
452 764 587 824 hortatus
616 772 675 836 999,
706 772 738 825 99
767 785 834 826 cum
864 784 933 849 rege
962 767 992 826 iu
1017 771 1142 844 gratiam

67 847 187 908 rediret.
232 847 328 923 Quam
351 847 401 907 ille
425 847 482 908 etsi
505 848 593 923 tidem
617 867 676 921 uop
699 849 763 909 lore
786 849 925 928 putabat,
949 860 1046 912 tamen
1069 873 1140 915 eon·
1164 862 1183 918 6

11 942 13 947 “
67 930 226 991 dicionem
240 931 356 1010 accepit
377 949 470 1010 seque
493 933 528 992 ad
552 920 743 994 Artaxerxem
765 934 879 1009 legatos
901 934 1063 997 missurum
1094 939 1140 998 di·

66 1014 117 1074 xit.
163 1015 214 1076 Sic
236 1015 346 1077 hellum
376 1016 455 1093 quod
479 1035 529 1077 rex
553 1017 693 1076 adversus
716 1017 858 1077 Datamen
889 1015 1064 1115 susceperat
1092 1041 1139 1083 se·
1204 1062 1206 1065 ·

66 1096 166 1159 datum
190 1108 245 1160 est.
290 1099 562 1177 Autophrodates
554 1119 585 1160 m
607 1100 764 1195 Phrygiam
787 1120 820 1162 se
842 1103 965 1181 recepit

150 1189 187 1245 At
208 1202 269 1254 rex,
294 1183 373 1265 quod
394 1183 582 1281 implacabile
605 1184 743 1245 odium
736 1204 766 1246 m
790 1186 931 1247 Datamen
955 1200 1136 1273 susceperat,
1160 1188 1181 1257 11

65 1274 224 1344 postquam
247 1267 325 1327 bello
349 1285 415 1327 eum
439 1269 568 1346 opprimi
591 1286 652 1328 non
674 1287 765 1347 posse
781 1263 998 1342 animadvortit,
1021 1272 1159 1341 insidiis,

18 1401 28 1413 .
65 1348 235 1410 9999969999
258 1351 386 1421 99991999;
416 1371 489 1429 quas
512 1352 562 1412 ille
591 1353 751 1431 plerasque
779 1354 904 1414 evitavit.
956 1355 1048 1429 Sicut,
1073 1363 1181 1429 99992

64 1433 93 1494 99
115 1435 283 1495 9999999999
306 1444 388 1494 99999
410 1437 554 1513 quosdam
583 1436 641 1496 sibi
678 1436 813 1497 insidiari
845 1439 895 1516 qui
918 1439 948 1498 99
975 1440 1138 1503 9999999999

55 1526 151 1599 pram
173 1532 307 1578 9999999.
357 1519 399 1580 lle
428 1520 535 1596 quihus
567 1520 683 1597 quod
677 1521 791 1581 mimici
820 1522 1006 1595 detulerunt,
1041 1543 1138 1604 neque

11 1640 12 1643 =
63 1601 246 1663 credendum
269 1621 365 1681 neque
389 1604 603 1680 neglegendum
626 1605 754 1682 putavit:
778 1606 907 1684 experiri
928 1569 1022 1668 991999
1036 1628 1138 1671 verum

65 1684 214 1746 falsumne
236 1686 293 1746 sihi
318 1695 398 1746 esset
419 1687 555 1748 relatum.
592 1689 703 1766 ltaque
726 1708 761 1749 eo
783 1691 938 1768 proiectus
961 1701 1007 1752 est
1029 1693 1059 1752 99
1079 1712 1137 1771 quo
1155 1701 1179 1758 3

62 1767 171 1831 9999999
194 1771 308 1830 suturas
331 1770 457 1831 insidias
480 1771 625 1833 dixerant.
670 1773 731 1833 Sed
755 1773 845 1851 elegit
866 1793 993 1853 corpore
1015 1795 1051 1836 99
1073 1785 1135 1838 sta-

63 1860 128 1914 tura
152 1842 336 1916 simillimum
360 1855 405 1915 sui
429 1856 516 1934 eique
538 1855 677 1917 vestitum
701 1876 786 1919 strum
810 1858 909 1919 dedit
914 1868 1002 1937 atque
1018 1879 1054 1919 99
1071 1861 1137 1921 1999

11 1964 12 1973 ¹
64 1935 107 1996 ire
130 1956 189 2015 quo
213 1937 279 2016 ipsc
313 1948 509 2000 consueverat
533 1941 629 2000 iussit.
673 1941 742 2035 lpse
765 1936 862 2001 autem
886 1953 991 2001 9999999
1014 1944 1136 2006 9999999-

60 2038 120 2098 que
142 2021 265 2087 militari
293 2022 372 2082 iuter
399 2024 545 2101 corporis
565 2023 706 2084 custodes
732 2024 792 2085 9999
818 2026 918 2085 199999
948 2027 1057 2113 coepit.
1101 2029 1178 2092 Ate
1237 2044 1240 2057 ¹

63 2103 271 2177 insidiatores
300 2115 459 2187 postquam
488 2107 518 2166 in
548 2125 615 2167 eum
629 2106 741 2166 locum
771 2125 876 2184 agmen
903 2102 1055 2186 pervenit',
1085 2111 1137 2171 de-

62 2189 139 2284 cepti
164 2153 379 2268 999199999999
402 2190 509 2250 vestitu
533 2191 704 2269 impetum'
697 2209 728 2250 m
751 2209 817 2250 eum
845 2192 958 2252 laciuut
985 2194 1035 2271 qui
1064 2212 1135 2273 sup·

63 2272 181 2366 positus
208 2281 281 2334 erat.
331 2274 522 2334 Praedixerat
550 2285 648 2334 autem
677 2275 725 2334 his
754 2275 892 2336 Datames
925 2296 991 2337 cum
1028 2276 1143 2356 quihus

63 2354 117 2416 9999
139 2357 269 2418 19999699
300 2365 332 2417 ut
360 2358 457 2453 parati
486 2366 588 2418 esseut
613 2358 712 2418 lacere
742 2359 857 2436 quod
849 2379 947 2438 ipsum
976 2361 1134 2424 vidissent.

11 2448 16 2459 '
62 2439 144 2518 lpse,
178 2451 209 2501 99
238 2434 444 2502 concurrentis
474 2442 666 2503 insidiatores
696 2441 825 2502 animum
856 2444 995 2517 advertit,
1022 2447 1094 2505 9919
1104 2447 1176 2510 995

62 2541 112 2585 999
136 2525 277 2586 99999999.
322 2527 386 2587 Η99
414 2527 491 2587 idem
522 2542 588 2587 eum
618 2526 750 2586 999999999
773 2527 931 2600 iecissent,
959 2528 1134 2607 priusquam

62 2608 253 2686 pervenirent
265 2611 299 2670 ad
313 2629 379 2670 cum
397 2629 483 2688 quem
500 2610 621 2688 aggredi
636 2611 784 2680 volebant,
801 2612 909 2671 confixi
928 2612 1133 2673 conciderunt.

144 2695 202 2754 Η99
230 2700 328 2754 tamen
363 2703 422 2755 1999
452 2694 575 2755 callidus
608 2695 667 2754 vir.
688 2704 819 2756 extremo
856 2703 991 2774 tempore
1026 2697 1176 2774 captuslh

93 2812 117 2860 5.
136 2814 355 2876 pacem-rediret.
391 2809 427 2858 Er
444 2810 571 2859 ermahute
655 2788 752 2862 militari
769 2810 850 2859 hier‘
853 2810 921 2859 ciues
940 2826 1068 2873 gememeu
1080 2810 1135 2862 Sol

62 2891 114 2926 9999
126 2876 238 2927 Friedeu
256 2876 304 2925 und
314 2877 499 2926 Freuudschalt
515 2877 587 2926 mit
624 2876 714 2926 dateu’.

63 2942 129 2993 sich
149 2943 385 3008 (Autophrodates),
411 2944 489 2993 damit
511 2943 569 2994 Dat.
658 2946 682 2995 4
702 2949 727 2995 ia
746 2947 895 3006 9999199999,
928 2944 965 2993 als
990 2947 1061 2995 ware
1089 2946 1135 2996 der
1190 3008 1193 3013 y

62 3010 194 3061 hierdurch
225 3011 266 3059 die
290 3010 452 3072 Mogliehkeit
475 3012 572 3062 99199199
625 3011 672 3060 099
687 3027 728 3060 wo
747 3011 787 3059 die
805 3008 987 3075 Nuchstelluug
1010 3013 1134 3093 geschehu

50 3072 111 3127 'sich
136 3078 184 3128 9999
208 3078 263 3127 dem
281 3077 364 3140 Kduig
390 3079 569 3128 auszushhueu.
623 3078 697 3127 sollte
721 3079 814 3128 vorher
846 3080 997 3142 angegeheu.
1035 3080 1070 3130 Es
1100 3082 1148 3132 ist.

63 3143 179 3195 llieselhc
209 3144 385 3196 Constructiou
415 3162 464 3198 von
492 3153 573 3200 hortor
624 3146 685 3195 91999
709 3160 755 3195 999
777 3154 866 3209 gesagt
888 3148 947 3197 dass
971 3164 998 3198 es
1017 3150 1063 3205 aul
1077 3148 1133 3198 dem

62 3212 108 3264 wie
137 3214 194 3263 hier
216 3214 260 3279 1999
278 3212 329 3263 Cic.
340 3213 494 3265 9991991111.
506 3217 543 3273 14
556 3217 571 3266 3
622 3213 707 3276 chc
725 3213 1157 3279 999999999939999999991199.,-

62 3283 136 3344 pacem
149 3272 238 3333 hortari
250 3300 297 3333 9999
310 3286 398 3333 desino.
417 3281 474 3344 Vgl.
482 3281 573 3348 Zumpt
624 3280 649 3331 S.
661 3297 691 3331 zu
699 3282 777 3331 Arist
787 3284 809 3341 3,
821 3285 844 3333 1.

63 3345 213 3410 §asthma
226 3351 242 3398 1
241 3347 467 3416 ,Μ99199592289
657 3352 680 3400 5
701 3354 801 3406 unimam
819 3355 869 3402 ado.
888 3350 929 3399 1999
947 3355 1061 3402 animadv.
1090 3351 1133 3399 liat

94 3418 127 3467 6
139 3421 251 3469 Datamen
260 3426 424 3483 susceperat
440 3420 473 3481 (9,
486 3420 509 3480 l)
519 3421 571 3470 out
622 3414 653 3466 N
675 3431 722 3466 uur
747 3431 779 3466 999
802 3417 886 3467 dieser
910 3417 997 3476 stelle·
1034 3418 1133 3468 Andert

63 3483 305 3541 suscSNJzuchti
622 3483 738 3550 lapsa
957 3504 959 3507 ’

94 3545 123 3605 9
144 3553 169 3602 2
197 3556 261 3603 Sicut
285 3550 358 3600 999991.
386 3556 498 3605 evitavit.
524 3552 571 3603 Dic
657 3549 702 3608 ld.
725 3555 747 3602 1
785 3550 918 3601 1199Τ991
946 3551 990 3599 des
1013 3548 1131 3599 Datames

63 3615 572 3680 19199999393919999199999999999199
623 3618 689 3668 wird
716 3615 1129 3685 9199999999Ρ91999999991111.
1197 3644 1203 3657 .

63 3681 156 3753 Polyau
166 3693 240 3735 strat
252 3684 306 3736 Vll.
317 3688 356 3743 23
368 3688 397 3743 4
431 3695 488 3749 sagt
511 3687 573 3737 aber
622 3687 689 3744 2991
711 3685 814 3735 erzahlt
835 3682 1006 3744 119991999Χ11
1015 3686 1058 3744 911
1076 3690 1142 3746 99999.

63 3750 118 3802 dass
143 3753 185 3803 die
202 3751 399 3831 Naohstellpng·
406 3768 455 3803 von
472 3755 571 3816 einigeu
623 3768 670 3802 uur
688 3754 733 3802 der
750 3751 832 3813 Kduig
849 3751 912 3800 199199
934 3751 982 3799 den
999 3750 1057 3799 Dat.
1078 3750 1131 3799 hin-

64 3814 181 3870 Soldateu
199 3820 340 3871 9991199
333 3836 358 3869 99
376 3836 447 3870 99999
456 3821 572 3872 6919199199
621 3817 1132 3883 999919999599999699199999ω1191999

62 3888 176 3946 gaschah
622 3887 782 3939 Mithridates
800 3902 819 3936 s.
830 3902 889 3935 zur.
900 3888 922 3942 4,
934 3884 957 3936 5'.

95 3956 117 4005 3.
144 3961 169 4007 in
191 3974 237 4041 9999
259 3960 345 4006 itinero
370 3953 411 4004 hir
440 3957 494 4006 ‘auf
515 3958 571 4007 dem
656 3964 755 4007 extremo
790 3965 847 4021 temp
849 3971 895 4006 999
935 3950 992 4014 Vgl.
1008 3951 1053 4018 Ep
1069 3954 1091 4009 9,
1107 3928 1126 4005 1.

63 4018 129 4084 Zuge
147 4023 245 4073 wohiu’.
267 4021 394 4073 S.zuAlc.
407 4025 478 4081 to,.4
620 4022 693 4071 Eum.
704 4025 726 4080 5,
738 4024 760 4074 3
770 3973 877 4078 Ρ19992,
891 4022 913 4071 1.
923 4021 974 4069 Art.
986 4021 1060 4076 293.

94 4110 159 4154 Gom.
177 4112 232 4167 Nep.
966 4107 980 4154 'l
