2750 4768
453 395 546 457 xvrn.
565 395 733 451 nonnum,
755 395 852 453 ra.=
1008 360 1017 370 ’
1123 386 1185 453 135

70 547 176 628 quibus
203 547 310 610 amicis
338 557 420 610 esset
447 568 573 611 usurus:
602 567 670 611 sese
699 550 781 613 enim
808 568 877 613 cnm
903 550 1037 617 Eumene
1063 553 1143 635 apud
1173 544 1176 550 ’

70 651 134 695 eum
157 651 218 695 non
241 634 368 696 loturos.
412 633 469 695 llic
496 633 616 712 cognita
644 634 764 696 consilii
793 635 944 698 voluntate
970 649 1069 699 tamen
1090 641 1185 702 us-3

58 716 126 797 *que
156 719 194 779 ad
226 717 387 797 septimum
419 718 500 780 diem
533 717 720 781 deliberandi
735 754 737 759 .
752 719 812 781 sibi
849 719 980 799 spatium
1011 720 1167 801 reliquit'

70 801 143 863 'lum
166 810 274 875 antem,
296 822 364 864 cum
387 802 447 864 iam
468 811 622 885 vereretur
635 822 673 865 ne
688 822 746 883 qua
760 804 870 866 seditio
884 805 1032 867 exercitus
1047 806 1143 867 orire·

69 895 124 960 tur,
147 886 240 949 vetuit
263 894 440 968 quemqnam
463 888 500 948 ad
523 907 592 949 eum
614 887 730 951 admitti
753 897 786 971 et¹
804 888 1011 968 quotidianum
1032 891 1145 957 rictum

69 972 215 1033 removeri
237 972 337 1034 iussit.
380 973 455 1034 Nam
483 971 612 1051 negabat
638 990 681 1033 se·
701 974 728 1034 ei
751 972 811 1034 vim
833 973 990 1035 allaturum
1013 975 1064 1054 qui
1087 974 1143 1036 ali·

69 1058 186 1135 qnando
209 1057 317 1119 luisset
338 1057 464 1119 amicus.
508 1057 565 1118 llic
591 1065 691 1118 tamen
719 1076 780 1118 non
814 1057 943 1137 amplius
972 1077 1060 1138 quam
1089 1059 1187 1122 tri-t

67 1140 157 1202 duum
179 1142 259 1204 lame
281 1141 436 1221 fatigatus,
466 1160 534 1203 cum
560 1150 658 1203 castra
686 1149 892 1215 moverentur,
915 1142 1062 1205 insciente
1083 1143 1145 1206 An·

68 1225 169 1304 tigono
192 1225 342 1303 iugulatus
364 1235 411 1288 est
433 1246 449 1287 a
474 1226 662 1288 custodibus.
752 1262 760 1268 -
784 1305 786 1309 y
840 1278 843 1281 .

153 1310 205 1375 Sic
225 1310 377 1372 Eumenes
398 1328 545 1372 annornm
566 1331 584 1371 v
606 1319 636 1373 et
656 1330 703 1383 xo,
736 1329 803 1372 cum
825 1309 862 1372 ab
885 1329 963 1373 anno
986 1305 1187 1384 vicesimum

67 1394 109 1455 uti
139 1413 230 1474 supra
258 1394 459 1469 ostendimus,
494 1415 534 1455 vn
563 1414 658 1457 annos
684 1395 825 1474 Philippo
851 1394 1061 1474 'appar-uisset,
1088 1414 1143 1456 xnr

66 1480 146 1559 apud
174 1479 373 1542 Alexandrum
401 1472 530 1542 culidem
557 1480 657 1541 locum
685 1479 879 1552 obtinuisset,
916 1479 947 1540 in
974 1480 1023 1540 bis
1052 1496 1143 1541 unum

66 1564 200 1645 equitum
222 1565 286 1626 alae
308 1565 504 1643 praefuisset,
538 1571 609 1643 post
637 1572 735 1625 antem
760 1564 919 1626 Alexandri
941 1564 1041 1641 Magni
1063 1570 1164 1642 mor-J
1262 1594 1270 1602 ,

66 1656 125 1710 tem
156 1649 321 1728 imperator
335 1650 496 1711 exercitus
526 1650 661 1711 duxisset
686 1667 881 1728 summosque
914 1649 1005 1710 dnces
1033 1648 1144 1727 partim

66 1733 230 1812 repulisset
257 1734 365 1812 partim
394 1734 611 1806 interfecisset,
640 1743 745 1812 captus
774 1751 836 1793 non
854 1732 1004 1813 ¹Antigoni
1036 1733 1144 1794 virtute

66 1819 120 1880 sed
142 1818 339 1880 Macedonum
360 1818 494 1897 periurio
516 1818 605 1880 talem
627 1817 732 1881 habuit
753 1818 864 1879 exitum
886 1816 974 1879 vitae.
1027 1817 1060 1878 ln
1084 1835 1143 1898 quo
1167 1819 1186 1878 2

68 1912 178 1982 quanta
207 1903 341 1965 omnium
374 1904 465 1964 luerit
498 1901 601 1986 opinio
635 1921 739 1963 eorum
768 1903 818 1980 qui
846 1910 917 1980 post
944 1902 1145 1963 Alexandrum

66 1986 205 2065 Magnum
227 2006 315 2066 reges
338 1996 408 2049 sunt
429 1987 570 2067 appellati
593 2006 628 2059 ex
649 1987 708 2047 hoc
730 1986 872 2047 facillime
894 1991 995 2064 potest
1016 1985 1144 2047 indicari

68 2073 146 2151 quod
170 2092 258 2133 nemo
281 2073 414 2133 Eumene
443 2072 509 2132 rivo
537 2090 589 2133 rex
617 2070 784 2151 appellatus
813 2078 861 2131 est
887 2070 939 2131 sed
961 2069 1144 2148 praelectus,

67 2156 166 2218 eidem
188 2167 258 2237 post
278 2157 368 2217 huius
391 2174 532 2218 occasum
553 2155 654 2216 statim
677 2155 792 2233 regium
815 2162 953 2215 ornatum
974 2171 1144 2232 nomenque
1167 2157 1186 2216 3

66 2250 260 2321 sumpsemnt
281 2260 379 2322 neque
402 2242 481 2321 quod
504 2240 590 2301 initio
616 2240 835 2319 praedicarant,
864 2257 897 2300 se
919 2238 1078 2300 Alexandri
1107 2238 1144 2300 li·

35 2374 40 2380 .
66 2325 148 2388 beris
171 2345 296 2404 regnum
320 2324 637 2405 servaropraestare
658 2324 815 2385 voluerunt
838 2331 868 2385 et
889 2342 948 2384 uno
970 2341 1144 2403 propugna-

66 2419 132 2473 tore
155 2412 273 2474 sublato
296 2412 368 2491 qnid
390 2412 537 2473 sentirent
559 2406 763 2488 aperuerunt'
793 2406 890 2469 Huius
913 2408 1036 2470 sceleris
1059 2409 1143 2487 prin·

67 2497 151 2576 cipes
174 2498 296 2558 luerunt
316 2496 498 2573 Antigonus,
519 2496 724 2566 Ptolemaeus,
748 2493 908 2565 Seleucus,
936 2493 1143 2570 Lysimachus,

99 2650 124 2700 2.
145 2653 264 2714 interfecto
283 2646 355 2697 niml.
376 2651 426 2698 illo.
631 2645 741 2711 trecbtct
758 2642 808 2692 und
825 2646 894 2694 talem
911 2645 963 2693 bob.
983 2659 1020 2693 ec.
1039 2645 1079 2693 cit.
1101 2655 1145 2703 gc·

96 2720 213 2778 redderet,
237 2714 298 2764 weil
315 2729 344 2764 er
367 2714 412 2763 dos
430 2713 516 2763 Lebcn
535 2710 580 2762 des
631 2712 773 2762 sebrieben.

65 2783 137 2835 llum.
160 2783 185 2832 in
202 2783 288 2832 seiner
302 2781 403 2832 Gewalt
420 2781 504 2840 batte,
526 2780 580 2830 also
663 2780 710 2828 Die
737 2780 752 2831 3
776 2785 862 2826 ersten
887 2773 1058 2837 Zeitangaben
1086 2787 1145 2824 ver-

65 2852 203 2914 gleicbsem
231 2849 328 2907 besass.
367 2849 418 2898 Cic.
429 2865 453 2919 p.
463 2848 519 2912 Lig.
529 2850 578 2907 3‚r
631 2847 728 2897 danken
746 2845 796 2895 wir
812 2842 844 2893 N.
865 2842 949 2892 allein.
988 2841 1075 2891 Genau
1101 2837 1164 2904 gel

63 2925 122 2974 nuti
150 2927 199 2969 tum
220 2922 319 2984 denique
342 2936 367 2968 ce
390 2921 487 2971 salutem
509 2926 579 2983 puto·
631 2920 743 2964 nommcn'
760 2912 865 2962 wirrden
883 2911 924 2960 die
941 2909 1036 2959 Zahlen
1055 2912 1095 2968 20,
1116 2912 1140 2969 ⁵1.

64 2993 97 3041 cit
112 2991 225 3048 reddere,
252 2990 274 3036 si
292 3003 342 3037 eom
364 2989 436 3036 nullis
457 2988 580 3051 spoliatam
632 2984 663 3034 13
681 2998 705 3031 u.
727 2983 741 3032 'l
760 2990 810 3044 (nm
827 2977 1050 3028 wieviclelnbrc
1068 2977 1140 3027 Eum.

63 3059 207 3108 ornamentis
226 3057 334 3107 dedisset.
544 3072 548 3079 1
630 3050 678 3099 den
696 3049 768 3099 Alex.
789 3046 928 3107 iiber'lebte)
947 3045 988 3094 cin
1005 3045 1078 3096 Alter
1094 3061 1144 3096 von

99 3154 340 3208 4‚pput·1,3um·19
376 3149 421 3202 καὶ
448 3146 496 3201 δύο
528 3149 580 3219 μὲν
630 3117 774 3196 47Ᾰεὼῑει]
798 3115 891 3193 geben3
919 3114 981 3163 aber
1002 3113 1045 3162 bei
1064 3115 1144 3177 jenen

630 3183 802 3246 Zertungaben
814 3182 870 3232 sind
881 3181 1056 3231 unvollendete
1065 3181 1143 3231 Jabrc

66 3213 581 3303 lpttpcsifetl}5⁶0105⁰3⁰¹W729⁰q'
631 3253 669 3304 als
686 3252 752 3302 volle
771 3250 878 3314 gezdblt.
899 3249 1094 3312 Vgl.zuc.l‚b.
1154 3302 1156 3307 ,
1221 3240 1226 3250 ’

66 3307 147 3357 7]γὲῖο
167 3306 241 3372 KQ?
267 3307 322 3371 Ψ,
334 3287 469 3350 'famil'
488 3303 581 3370 ‘'⁶9⁷3‘'
664 3330 716 3387 post
734 3330 817 3373 cotem.
837 3318 862 3368 S.
873 3319 963 3368 zuAtt.
973 3319 996 3375 6,
1008 3319 1032 3367 2.

66 3356 128 3415 διον
146 3356 177 3408 de
203 3358 336 3439 αναξϋγηΐ
359 3354 506 3438 Υῑνθμξνης
528 3368 581 3436 ‘5⁶'
664 3392 795 3454 repulisset,
811 3386 873 3436 weil
890 3400 919 3435 er
936 3385 1025 3434 immer
1038 3383 1084 3433 der
1093 3385 1143 3437 An-

65 3425 225 3508 πέμψαντες
240 3428 407 3507 Ιανθρωπον
436 3438 581 3492 αποσφατ-
631 3455 768 3519 gegriffm
786 3469 850 3504 war,

65 3510 163 3546 τουσιν
181 3506 273 3545 notor.
437 3545 442 3561 ,
666 3526 690 3575 2,
709 3528 735 3575 1„
753 3541 806 3589 quo,
826 3522 851 3571 S.
861 3536 893 3571 zu
900 3518 952 3568 Alc.
964 3520 987 3576 3,
998 3520 1021 3568 5.

83 3591 146 3653 t18.
169 3599 192 3646 1.
213 3596 266 3646 Der
284 3594 344 3646 Satz
361 3594 465 3657 beginnt
484 3593 529 3643 mit
546 3598 581 3645 sic
665 3591 712 3641 Die
737 3590 777 3656 §3
801 3587 947 3639 Genaunten
972 3584 1066 3663 lipssen
1089 3582 1142 3633 sicb

66 3663 91 3713 in
118 3664 166 3713 der
188 3662 306 3726 Meinung
330 3663 388 3712 dass
417 3669 492 3711 unten
519 3667 582 3710 statt
632 3667 686 3709 erst
710 3655 939 3713 01.118‚2=306
962 3652 1059 3713 llonrgc
1083 3666 1144 3699 nen·
1236 3710 1238 3715 Ι

66 3735 147 3789 lubuit
174 3736 261 3784 exitum
291 3735 351 3782 vitoe
386 3729 426 3779 ein
453 3728 580 3778 eiulaobes
631 3743 679 3776 nen
709 3722 860 3784 tlliod.XX.
871 3723 912 3772 53.
929 3719 995 3769 Plut.
1006 3718 1076 3767 Dem.
1089 3720 1139 3776 18).

66 3797 179 3851 Verbum
197 3801 313 3863 (occubuit
330 3798 417 3847 cderd
435 3795 465 3859 l.)
483 3802 581 3859 gesctzt
630 3795 683 3845 Der
705 3791 829 3842 Toddes
852 3788 923 3838 Eum.
955 3787 1024 3864 batte
1052 3784 1147 3864 deraul'
1182 3856 1185 3863 .

67 3868 174 3918 werden
198 3865 286 3923 sollte;
325 3865 386 3914 nccb
411 3864 467 3913 dent
489 3863 580 3925 langen
629 3862 721 3913 keincn
744 3859 865 3914 Einlluss,
903 3855 950 3904 und
979 3854 1019 3903 dre
1046 3853 1144 3903 Krnder

66 3933 225 3986 Vordcrsutz
244 3935 277 3984 ist
294 3932 356 3983 eber
369 3933 443 3996 jenes
467 3937 500 3984 sic
524 3945 581 3997 pas·
631 3928 788 3978 Alexanders
814 3939 902 3974 waren
928 3922 1004 3972 sebon
1028 3921 1144 3984 getddtet

66 4004 130 4052 send
158 4004 196 4053 als
229 4017 276 4065 gar
308 4001 376 4050 nicbt
408 4006 506 4062 gesetzt
537 3999 581 4048 be·
631 3995 713 4061 (Diod.
723 3994 795 4046 XlX.
807 3996 863 4065 105.Ι
872 3990 933 4043 ΧΧ.
943 3992 993 4053 28).
