2750 4768
89 465 90 471 Ν
182 379 280 466 138x
333 396 334 401 '
374 368 376 373 ¹
577 409 856 499 xunnruocron.
878 406 914 463 2.

30 624 33 627 ,
69 596 88 631 s
222 567 362 630 tenderat
383 565 462 645 quod
485 565 600 645 patriae
621 566 699 627 male
722 566 915 627 consuluerat
936 566 989 628 sed
1013 565 1103 628 etiam
1118 565 1206 646 ,quod
1224 567 1300 629 ami·

183 659 201 716 3
224 651 312 714 citiae
333 652 423 713 fidem
446 669 507 712 non
530 651 731 730 praestiterat.
784 651 919 730 Namque
941 659 1047 712 auctus
1080 648 1260 731 adiutusque
1281 671 1299 715 a

221 737 422 799 Demosthene
445 753 514 796 eum
536 754 624 815 quem
647 735 769 797 tenebat
789 736 967 815 ascenderat
988 737 1128 816 gradum,
1156 755 1224 799 cum
1247 737 1298 798 ad·

221 838 326 883 versus
350 820 507 882 Charetem
529 839 599 882 eum
621 819 816 896 subornaret3
836 819 875 883 ab
898 821 1006 882 eodem
1027 822 1059 883 in
1071 821 1212 894 iudiciis,
1232 840 1300 883 cum

222 905 331 985 capitis
354 922 476 965 causam
498 903 628 978 diceret,
659 905 801 967 defensus
831 904 990 984 aliquoties
1016 906 1161 969 liberatus
1184 906 1299 968 disces-

221 998 311 1052 serat.
356 990 443 1050 Hunc
464 1007 525 1050 non
548 989 645 1050 solum
668 991 699 1052 in
722 989 866 1069 periculis
888 996 948 1051 non
971 991 1108 1053 defendit
1129 991 1182 1053 sed
1209 991 1300 1053 etiam

179 1071 206 1139 4'
220 1073 365 1156 prodidit.
410 1073 550 1135 Concidit
571 1086 670 1136 autem
692 1074 820 1137 maxime
842 1093 902 1135 uno
930 1075 1070 1151 crimine,
1106 1077 1203 1156 quod,
1232 1094 1300 1149 cum

222 1160 301 1240 apud
331 1176 399 1219 eum
427 1177 576 1220 summum
606 1168 689 1221 esset
715 1158 873 1238 imperium
901 1160 1022 1240 populi,
1052 1170 1081 1224 et
1109 1160 1298 1234 Nicanorem,

222 1241 383 1307 Cassandri
405 1244 600 1322 praelectum,
632 1243 770 1305 insidiari
791 1244 916 1306 Piraeeo
938 1245 1165 1308 Atheniensium
1186 1266 1205 1308 a
1227 1247 1299 1309 Der·

221 1329 287 1408 cylo
315 1336 490 1390 moneretur
516 1328 656 1409 idemque
683 1328 852 1408 postularet
878 1338 912 1390 ut
945 1330 1119 1410 provideret
1150 1350 1201 1392 ne*
1219 1349 1299 1393 com·

221 1413 372 1476 meatibus
401 1411 505 1474 civitas
533 1414 715 1493 privaretur,
744 1414 814 1475 huic
846 1414 985 1477 audiente
1022 1416 1135 1496 populo
1164 1416 1300 1478 Phocion

222 1497 343 1576 negavit
365 1515 434 1558 esse
455 1498 622 1577 periculum
651 1517 744 1578 seque
771 1499 837 1560 eius
867 1499 911 1560 rei
935 1499 1080 1562 obsidem
1094 1501 1159 1563 lore
1181 1501 1300 1581 pollici·

183 1587 201 1644 5
223 1592 273 1644 tus
296 1589 353 1644 est.
396 1581 501 1662 Neque
524 1583 564 1644 ita
584 1583 685 1644 *mrrlto
711 1595 783 1662 post
803 1583 936 1645 Nicanor
956 1583 1082 1647 Piraeeo
1104 1597 1152 1647 est
1173 1587 1300 1665 potitus.

137 1712 140 1715 ι
184 1692 188 1693 ’
220 1668 265 1730 Ad
289 1685 377 1747 quem
405 1666 643 1747 recuperandum
672 1669 896 1748 cumpop'ulus
926 1677 1057 1731 armatus
1086 1672 1300 1746 concurrisset,

221 1753 271 1814 ille
305 1770 366 1817 non
395 1752 486 1813 modo
518 1752 669 1815 neminem
698 1754 733 1814 ad
764 1772 845 1814 arma
873 1755 990 1840 vopavit
1017 1756 1071 1817 sed
1104 1776 1142 1818 ne
1177 1757 1299 1819 armatis

256 1922 280 1972 3.
301 1938 367 1972 enm:
386 1919 434 1968 den
444 1919 561 1984 Phocion,
582 1925 734 1981 subornaret:
785 1936 863 1970 canor
880 1937 925 1979 zu;
947 1923 1303 1987 nachDiodorXVlll.65(s.'
1356 1952 1361 1967 x

179 2034 183 2044 ,
209 1987 409 2045 ,Βοωοεῑὴειιοε.
432 1986 457 2038 S.
468 1986 600 2046 sufficet,
611 1989 634 2039 3.
785 2004 845 2038 nuc.
857 1990 916 2052 3,2)
934 1990 1031 2041 scheint
1049 2008 1078 2042 er
1096 2008 1123 2042 es
1142 1993 1205 2043 aher
1222 2009 1298 2058 gerne

255 2058 280 2107 4.
302 2058 325 2106 5.
348 2054 575 2113 01.115.3=317.
600 2054 671 2106 Nach
689 2057 735 2106 der
786 2057 879 2120 gesehn
896 2072 927 2106 zu
946 2059 1035 2111 hahent
1048 2061 1107 2110 dass
1124 2059 1297 2113 Nicanordas

221 2138 349 2187 genenern
357 2122 500 2186 Erzdhlung
507 2124 639 2175 Plutarcho
647 2124 731 2183 tPhoc.
785 2124 851 2177 Volk
869 2124 902 2174 im
919 2125 997 2176 Zaum
1014 2127 1091 2177 halte.

221 2193 264 2255 32)
282 2192 339 2240 ham
354 2189 473 2251 Nicanor,
495 2208 535 2255 um
554 2193 605 2242 sich
623 2193 669 2243 mit
687 2193 735 2242 den
820 2195 844 2245 4.
865 2199 927 2259 apud
944 2202 1007 2244 statt
1021 2214 1093 2262 penes
1101 2196 1136 2246 ist
1144 2195 1185 2246 ein
1193 2196 1298 2264 Sprach·

221 2259 350 2309 Athenern
375 2259 438 2309 dher
462 2260 502 2309 die
519 2276 568 2311 von
586 2261 661 2310 ihnen
678 2275 735 2311 ver·
787 2260 876 2310 lchler.

134 2327 137 2335 “
220 2325 306 2389 laugte
324 2323 471 2390 Ueherga‘he
489 2344 539 2378 von
551 2328 687 2395 Monychia
704 2344 735 2377 zu
819 2332 926 2381 Phocion.
953 2328 1010 2387 :Das
1035 2329 1140 2394 Subject
1164 2332 1200 2383 ist
1224 2334 1298 2383 sehon

221 2393 387 2454 unterredeu,
420 2395 445 2444 in
472 2396 521 2445 deu
546 2395 653 2446 Piraeus
676 2404 735 2446 num
787 2395 850 2446 oben
874 2396 900 2445 in
924 2402 1025 2449 concidit
1054 2398 1201 2462 angezeign
1240 2400 1298 2451 weil

219 2462 307 2521 Phoc,
328 2462 545 2513 welcherdamals
556 2462 731 2526 Strategwar.
786 2463 848 2514 aher
866 2465 928 2515 nach
947 2469 1009 2531 quod
1026 2466 1142 2516 mehrcre
1155 2467 1298 2519 Zwischen·

220 2530 265 2580 Ais
290 2530 331 2579 ihn
359 2531 414 2581 hier
440 2530 576 2598 Dercylus,
612 2531 734 2582 ehenlalls
785 2534 855 2581 saitae
873 2531 919 2582 mit
940 2533 1138 2584 verschiedenen
1162 2535 1297 2603 Suhjecten

221 2598 331 2661 Strateg,
353 2599 481 2661 engreiten
498 2598 592 2657 wollte,
613 2597 674 2649 liess
693 2600 735 2649 ihn
786 2599 919 2657 ninneton,
942 2600 975 2650 ist
992 2616 1019 2650 es
1037 2603 1145 2667 passeud
1163 2603 1220 2654 hier
1237 2606 1297 2654 noch

220 2666 295 2716 Phoc.
308 2667 473 2719 entkommeu.
494 2666 595 2717 Danaus
608 2666 735 2717 meldeten
785 2666 960 2718 ausdrnellict
987 2677 1092 2732 gesetzt.
1129 2670 1232 2727 Ehenso
1250 2672 1294 2740 llp.

219 2734 293 2785 Viele
312 2734 368 2783 dem
385 2734 460 2783 Phoc.
481 2735 539 2784 dass
557 2733 669 2785 Nicanor
686 2735 734 2784 den
786 2737 809 2793 6,
820 2736 844 2786 3.
853 2735 925 2785 Eum.
936 2737 959 2793 2,
969 2739 992 2788 2.
1006 2739 1029 2796 3,
1040 2740 1064 2789 4.

157 2828 160 2841 «
220 2801 327 2852 Piraeus
351 2801 528 2868 riherrumpelu
546 2803 636 2862 wolle,
670 2803 734 2853 ohne
820 2806 915 2871 issico
942 2823 986 2870 quo
1013 2805 1086 2855 niml.
1116 2809 1223 2871 Piraeeo,
1256 2807 1297 2858 oh-

220 2870 278 2920 dass
297 2870 372 2920 Phoc.
394 2871 488 2920 dmaul
503 2872 610 2921 achtete.
647 2871 683 2921 Es
700 2871 734 2921 ist
763 2870 854 2936 vwohl
871 2871 925 2921 dies
944 2873 989 2922 das
1006 2872 1170 2924 Entierntere
1189 2874 1231 2925 ist.
1270 2875 1293 2926 S.

218 2937 428 2987 wahrscheinlich
459 2939 518 2988 dass
548 2947 622 2989 unter
647 2939 734 2989 diesen
785 2938 897 2989 zuPaus.
908 2941 930 2998 3,
942 2943 965 2992 5.
999 2941 1082 2991 Uehcr
1100 2942 1148 2992 den
1165 2944 1297 2994 Ausdruck

219 3004 283 3053 auch
296 3004 362 3053 Dera
381 3003 420 3053 lus
438 3021 501 3063 war,
523 3007 573 3056 wie
583 3006 615 3058 N.
635 3006 744 3057 herich·
784 3005 835 3070 vgl.
862 3007 912 3057 Cic.
923 3007 986 3058 Phil.
996 3008 1014 3059 l.
1027 3012 1064 3068 14,
1075 3011 1107 3062 35
1138 3015 1171 3063 ito
1198 3018 1297 3077 quemn

219 3078 271 3127 tet;
290 3021 476 3133 indulgendae
487 3073 549 3123 aher
560 3076 604 3124 hat
621 3090 650 3124 er
668 3075 734 3125 zwei
783 3080 947 3141 rempublicam
969 3087 994 3130 nl
1016 3088 1096 3131 notum
1119 3096 1169 3130 esre
1194 3089 1216 3131 le
1241 3085 1295 3132 cicer

123 3198 125 3203 Ι
174 3200 176 3203 ¹
219 3138 355 3201 Vorgdngc
379 3138 509 3188 lalschlich
536 3141 562 3189 in
591 3142 664 3191 einen
692 3158 734 3191 zu·
785 3147 819 3195 tei
844 3148 975 3208 qundecot;
998 3150 1049 3197 sine
1074 3164 1118 3211 quo
1145 3165 1187 3198 nec
1220 3153 1296 3201 hector

220 3221 451 3268 sammengezogen.
492 3207 562 3257 Denn
598 3209 645 3258 auf
672 3211 733 3274 jene
784 3230 826 3264 nec
844 3215 920 3263 clerus
943 3231 984 3264 nec
1008 3223 1069 3265 lctus
1097 3218 1220 3280 quisquam
1238 3218 1297 3269 omni

219 3273 370 3336 Meldungen
395 3274 437 3322 hin
459 3275 549 3325 wurde
580 3276 620 3326 ein
643 3276 734 3328 Volks·
783 3288 902 3344 potestate.
939 3279 969 3345 Q:
981 3278 1032 3329 Cic.
1048 3281 1079 3330 de
1087 3288 1139 3346 pet.
1148 3296 1217 3331 cons.
1231 3284 1255 3341 8,
1267 3284 1294 3335 31

219 3340 349 3391 heschluss
368 3342 464 3403 gelasst
483 3343 540 3393 dass
564 3343 604 3394 die
621 3346 735 3396 Athener
785 3351 831 3398 hoo
845 3352 914 3398 ceteri
931 3358 953 3399 et
969 3354 1069 3401 manime
1087 3353 1121 3400 tui
1138 3356 1296 3416 competitores

148 3450 153 3457 ,
220 3410 244 3458 in
268 3408 372 3459 Wall'eu
397 3411 447 3459 und
472 3411 518 3461 der
540 3412 643 3463 Beiehle
669 3413 734 3463 Pho·
783 3432 812 3465 ne
829 3425 914 3466 norant
932 3420 1031 3482 quidem,
1046 3427 1085 3475 ,to
1103 3427 1125 3467 et
1141 3423 1205 3469 nosti
1223 3427 1245 3470 et
1262 3426 1295 3484 sc·

219 3477 288 3528 cions
314 3478 440 3542 gewdrtig
463 3480 518 3543 sein
535 3480 634 3530 sollten.
672 3481 734 3531 Hier
784 3486 827 3534 cile
846 3500 985 3546 coquosces,·
1003 3489 1053 3536 sine
1072 3502 1115 3552 qao
1130 3490 1237 3538 amicitie
1251 3501 1296 3538 erse

218 3547 275 3596 tras
288 3546 363 3596 Phoc.
395 3546 468 3596 keine
493 3547 733 3599 Versichtsmassre·
782 3568 829 3601 noc
844 3559 928 3615 polest.

219 3614 284 3677 geln.
328 3614 372 3664 Als
407 3614 469 3664 aher
501 3614 624 3665 Nicanor
642 3617 736 3668 darauf
817 3611 844 3672 3.
867 3619 889 3668 1.
910 3628 967 3671 eret.
986 3618 1011 3670 S.
1021 3619 1130 3679 nullum.
1141 3620 1164 3677 2,
1175 3620 1199 3669 2.

186 3712 190 3717 -
218 3682 333 3732 wirklich
352 3683 516 3734 denPirdeus
534 3685 727 3749 eingenommen
817 3687 840 3736 2.
862 3686 886 3736 3.
917 3685 1060 3737 Cassander
1081 3701 1138 3738 ovar
1156 3686 1234 3736 sehon
1251 3702 1294 3737 vor

166 3770 167 3779 ¹
217 3749 305 3799 wollte
330 3766 358 3799 er
384 3750 424 3800 die
447 3752 560 3802 Athener
583 3768 662 3816 gegen
689 3753 731 3802 ihn
783 3752 831 3801 den
855 3755 939 3811 c.2,4
969 3755 1097 3805 erneihlten
1132 3753 1293 3817 Ercignisseu

218 3818 315 3874 hihren,
333 3819 401 3882 jetzt
419 3819 481 3869 aher
499 3820 571 3869 hdrte
589 3836 646 3869 man
664 3820 732 3870 nicht
782 3835 827 3870 aus
855 3820 1016 3872 Macedonien
1051 3825 1119 3873 nicht
1149 3823 1293 3873 vertrichen

218 3884 264 3934 aul
279 3885 347 3948 scine
361 3885 471 3937 Belehle.
492 3887 609 3938 Plutarch
621 3888 732 3938 schreibt
782 3888 891 3938 sondern
925 3892 1033 3941 entllohn
1069 3889 1289 3955 (Diod.XVll.48.

218 3952 545 4005 dasBenehmeuPhocions
564 3957 658 4006 seinem
667 3956 750 4007 Ver·'
782 3958 823 4009 49.
834 3959 885 4019 54).
922 3957 1130 4022 Diexllrhehung
1154 3959 1198 4007 des
1215 3957 1292 4009 Vollrs

218 4026 307 4068 tranen
325 4021 372 4070 aul
387 4021 427 4070 die
446 4022 605 4074 Redlichkeit
623 4025 667 4074 des
686 4022 731 4075 Ni·
781 4024 839 4074 kam
863 4025 942 4077 daher
965 4029 1023 4078 dass
1041 4027 1227 4095 Polyperchon,
1257 4027 1291 4077 ala
