<?xml version="1.0" encoding="UTF-8"?>
<!DOCTYPE html PUBLIC "-//W3C//DTD XHTML 1.0 Transitional//EN"
    "http://www.w3.org/TR/xhtml1/DTD/xhtml1-transitional.dtd">
<html xmlns="http://www.w3.org/1999/xhtml" xml:lang="en" lang="en">
 <head>
  <title>
</title>
<meta http-equiv="Content-Type" content="text/html;charset=utf-8" />
  <meta name='ocr-system' content='tesseract 3.04.00' />
  <meta name='ocr-capabilities' content='ocr_page ocr_carea ocr_par ocr_line ocrx_word'/>
</head>
<body>
  <div class='ocr_page' id='page_1' title='image "./corneliusnepos07nippgoog/corneliusnepos07nippgoog_0218.png"; bbox 0 0 2750 4768; ppageno 0'>
   <div class='ocr_carea' id='block_1_1' title="bbox 486 426 1198 489">
    <p class='ocr_par' dir='ltr' id='par_1_1' title="bbox 486 426 1198 489">
     <span class='ocr_line' id='line_1_1' title="bbox 486 426 1198 489; baseline 0.004 -4"><span class='ocrx_word' id='word_1_1' title='bbox 486 433 571 487; x_wconf 85' lang='lat' dir='ltr'><strong>XXV.</strong></span> <span class='ocrx_word' id='word_1_2' title='bbox 591 433 742 486; x_wconf 77' lang='lat' dir='ltr'><strong>anricus.</strong></span> <span class='ocrx_word' id='word_1_3' title='bbox 763 436 787 486; x_wconf 76' lang='lat'><strong>2.</strong></span> <span class='ocrx_word' id='word_1_4' title='bbox 1141 426 1198 489; x_wconf 80' lang='grc'><strong>171</strong></span> 
     </span>
    </p>
   </div>
   <div class='ocr_carea' id='block_1_2' title="bbox 7 580 1262 2687">
    <p class='ocr_par' dir='ltr' id='par_1_2' title="bbox 19 580 1202 1005">
     <span class='ocr_line' id='line_1_2' title="bbox 140 580 1202 670; baseline 0.008 -25"><span class='ocrx_word' id='word_1_5' title='bbox 140 580 144 585; x_wconf 85' lang='grc'><strong>’</strong></span> <span class='ocrx_word' id='word_1_6' title='bbox 170 585 260 646; x_wconf 84' lang='lat' dir='ltr'><strong>Pater</strong></span> <span class='ocrx_word' id='word_1_7' title='bbox 280 594 395 655; x_wconf 84' lang='lat' dir='ltr'><strong>mature</strong></span> <span class='ocrx_word' id='word_1_8' title='bbox 418 586 559 648; x_wconf 78' lang='lat' dir='ltr'>decessit.</span> <span class='ocrx_word' id='word_1_9' title='bbox 603 586 673 666; x_wconf 87' lang='lat' dir='ltr'><strong>lpse</strong></span> <span class='ocrx_word' id='word_1_10' title='bbox 704 588 946 649; x_wconf 82' lang='lat' dir='ltr'><strong>adolescentulus</strong></span> <span class='ocrx_word' id='word_1_11' title='bbox 968 599 1093 670; x_wconf 88' lang='lat' dir='ltr'><strong>propter</strong></span> <span class='ocrx_word' id='word_1_12' title='bbox 1114 587 1202 659; x_wconf 59' lang='lat' dir='ltr'><strong>aiz</strong></span> 
     </span>
     <span class='ocr_line' id='line_1_3' title="bbox 85 669 1159 751; baseline 0.005 -20"><span class='ocrx_word' id='word_1_13' title='bbox 85 669 230 732; x_wconf 80' lang='lat' dir='ltr'><strong>finitatem</strong></span> <span class='ocrx_word' id='word_1_14' title='bbox 249 671 285 730; x_wconf 78' lang='lat' dir='ltr'><strong>r.</strong></span> <span class='ocrx_word' id='word_1_15' title='bbox 309 670 433 748; x_wconf 84' lang='lat' dir='ltr'>Sulpicii</span> <span class='ocrx_word' id='word_1_16' title='bbox 458 671 508 749; x_wconf 90' lang='lat' dir='ltr'><strong>qui</strong></span> <span class='ocrx_word' id='word_1_17' title='bbox 531 670 669 731; x_wconf 89' lang='lat' dir='ltr'><strong>tribunus</strong></span> <span class='ocrx_word' id='word_1_18' title='bbox 690 672 732 751; x_wconf 90' lang='lat' dir='ltr'><strong>pl.</strong></span> <span class='ocrx_word' id='word_1_19' title='bbox 755 672 931 734; x_wconf 88' lang='lat' dir='ltr'><strong>interiectus</strong></span> <span class='ocrx_word' id='word_1_20' title='bbox 959 682 1086 735; x_wconf 88' lang='lat' dir='ltr'><strong>estnon</strong></span> <span class='ocrx_word' id='word_1_21' title='bbox 1109 695 1159 737; x_wconf 81' lang='lat' dir='ltr'><strong>ex-</strong></span> 
     </span>
     <span class='ocr_line' id='line_1_4' title="bbox 82 753 1159 835; baseline 0.003 -18"><span class='ocrx_word' id='word_1_22' title='bbox 82 773 155 835; x_wconf 90' lang='lat' dir='ltr'><strong>pers</strong></span> <span class='ocrx_word' id='word_1_23' title='bbox 183 753 241 815; x_wconf 84' lang='lat' dir='ltr'><strong>tuit</strong></span> <span class='ocrx_word' id='word_1_24' title='bbox 269 754 350 815; x_wconf 87' lang='lat' dir='ltr'><strong>illius</strong></span> <span class='ocrx_word' id='word_1_25' title='bbox 378 754 515 834; x_wconf 82' lang='lat' dir='ltr'><strong>periculi.</strong></span> <span class='ocrx_word' id='word_1_26' title='bbox 566 755 700 833; x_wconf 84' lang='lat' dir='ltr'>Namque</span> <span class='ocrx_word' id='word_1_27' title='bbox 727 755 842 827; x_wconf 82' lang='lat' dir='ltr'><strong>Anicia,</strong></span> <span class='ocrx_word' id='word_1_28' title='bbox 869 757 1026 835; x_wconf 88' lang='lat' dir='ltr'><strong>Pomponii</strong></span> <span class='ocrx_word' id='word_1_29' title='bbox 1050 777 1159 820; x_wconf 89' lang='lat' dir='ltr'><strong>conso-</strong></span> 
     </span>
     <span class='ocr_line' id='line_1_5' title="bbox 83 838 1200 919; baseline 0.004 -19"><span class='ocrx_word' id='word_1_30' title='bbox 83 838 180 911; x_wconf 90' lang='lat' dir='ltr'><strong>hrina,</strong></span> <span class='ocrx_word' id='word_1_31' title='bbox 204 847 349 916; x_wconf 79' lang='lat' dir='ltr'><strong>nupserat</strong></span> <span class='ocrx_word' id='word_1_32' title='bbox 370 839 484 910; x_wconf 85' lang='lat' dir='ltr'><strong>Servio,</strong></span> <span class='ocrx_word' id='word_1_33' title='bbox 509 839 593 899; x_wconf 81' lang='lat' dir='ltr'><strong>fiatri</strong></span> <span class='ocrx_word' id='word_1_34' title='bbox 615 839 753 917; x_wconf 80' lang='lat' dir='ltr'>Sulpicii.</span> <span class='ocrx_word' id='word_1_35' title='bbox 797 840 900 919; x_wconf 88' lang='lat' dir='ltr'><strong>ltaque</strong></span> <span class='ocrx_word' id='word_1_36' title='bbox 916 840 1075 917; x_wconf 76' lang='lat' dir='ltr'><strong>interiecto</strong></span> <span class='ocrx_word' id='word_1_37' title='bbox 1091 843 1159 903; x_wconf 90' lang='lat' dir='ltr'><strong>Sul·</strong></span> <span class='ocrx_word' id='word_1_38' title='bbox 1182 847 1200 905; x_wconf 82' lang='lat'>2</span> 
     </span>
     <span class='ocr_line' id='line_1_6' title="bbox 19 923 1158 1005; baseline 0.004 -23"><span class='ocrx_word' id='word_1_39' title='bbox 19 944 21 981; x_wconf 58' lang='lat' dir='ltr'><strong>i</strong></span> <span class='ocrx_word' id='word_1_40' title='bbox 82 924 164 1003; x_wconf 90' lang='lat' dir='ltr'><strong>picio</strong></span> <span class='ocrx_word' id='word_1_41' title='bbox 187 932 383 1002; x_wconf 79' lang='lat' dir='ltr'><strong>posteaquam</strong></span> <span class='ocrx_word' id='word_1_42' title='bbox 405 923 480 985; x_wconf 86' lang='lat' dir='ltr'><strong>vidit</strong></span> <span class='ocrx_word' id='word_1_43' title='bbox 501 923 636 985; x_wconf 82' lang='lat' dir='ltr'><strong>Cinnano</strong></span> <span class='ocrx_word' id='word_1_44' title='bbox 659 924 786 985; x_wconf 81' lang='lat' dir='ltr'><strong>tumultu</strong></span> <span class='ocrx_word' id='word_1_45' title='bbox 815 924 962 986; x_wconf 85' lang='lat' dir='ltr'><strong>civitatem</strong></span> <span class='ocrx_word' id='word_1_46' title='bbox 993 944 1061 987; x_wconf 88' lang='lat' dir='ltr'><strong>csse</strong></span> <span class='ocrx_word' id='word_1_47' title='bbox 1088 944 1158 1005; x_wconf 90' lang='lat' dir='ltr'><strong>per·</strong></span> 
     </span>
    </p>

    <p class='ocr_par' dir='ltr' id='par_1_3' title="bbox 19 1007 1158 1088">
     <span class='ocr_line' id='line_1_7' title="bbox 19 1007 1158 1088; baseline 0 -18"><span class='ocrx_word' id='word_1_48' title='bbox 19 1012 20 1015; x_wconf 73' lang='grc'>’</span> <span class='ocrx_word' id='word_1_49' title='bbox 83 1007 230 1070; x_wconf 87' lang='lat' dir='ltr'><strong>turhatam</strong></span> <span class='ocrx_word' id='word_1_50' title='bbox 261 1026 358 1085; x_wconf 85' lang='lat' dir='ltr'><strong>neque</strong></span> <span class='ocrx_word' id='word_1_51' title='bbox 387 1008 445 1069; x_wconf 89' lang='lat' dir='ltr'><strong>sihi</strong></span> <span class='ocrx_word' id='word_1_52' title='bbox 473 1008 537 1069; x_wconf 86' lang='lat' dir='ltr'><strong>dari</strong></span> <span class='ocrx_word' id='word_1_53' title='bbox 566 1008 737 1070; x_wconf 76' lang='lat' dir='ltr'><strong>facultatem</strong></span> <span class='ocrx_word' id='word_1_54' title='bbox 773 1027 828 1088; x_wconf 91' lang='lat' dir='ltr'><strong>pro</strong></span> <span class='ocrx_word' id='word_1_55' title='bbox 862 1009 1006 1087; x_wconf 79' lang='lat' dir='ltr'><strong>dignitate</strong></span> <span class='ocrx_word' id='word_1_56' title='bbox 1040 1009 1158 1072; x_wconf 86' lang='lat' dir='ltr'><strong>vivendi</strong></span> 
     </span>
    </p>

    <p class='ocr_par' dir='ltr' id='par_1_4' title="bbox 84 1091 1157 1171">
     <span class='ocr_line' id='line_1_8' title="bbox 84 1091 1157 1171; baseline 0.003 -18"><span class='ocrx_word' id='word_1_57' title='bbox 84 1092 155 1171; x_wconf 90' lang='lat' dir='ltr'><strong>quin</strong></span> <span class='ocrx_word' id='word_1_58' title='bbox 179 1091 351 1153; x_wconf 78' lang='lat' dir='ltr'><strong>alterutram</strong></span> <span class='ocrx_word' id='word_1_59' title='bbox 373 1100 489 1171; x_wconf 89' lang='lat' dir='ltr'><strong>partem</strong></span> <span class='ocrx_word' id='word_1_60' title='bbox 510 1092 685 1155; x_wconf 84' lang='lat' dir='ltr'><strong>oileuderet</strong></span> <span class='ocrx_word' id='word_1_61' title='bbox 710 1093 883 1154; x_wconf 77' lang='lat' dir='ltr'><strong>dissociatis</strong></span> <span class='ocrx_word' id='word_1_62' title='bbox 908 1094 1016 1155; x_wconf 91' lang='lat' dir='ltr'><strong>animis</strong></span> <span class='ocrx_word' id='word_1_63' title='bbox 1034 1094 1157 1168; x_wconf 79' lang='lat' dir='ltr'><strong>civium,</strong></span> 
     </span>
    </p>

    <p class='ocr_par' dir='ltr' id='par_1_5' title="bbox 17 1175 1159 1256">
     <span class='ocr_line' id='line_1_9' title="bbox 17 1175 1159 1256; baseline 0.003 -20"><span class='ocrx_word' id='word_1_64' title='bbox 17 1242 18 1245; x_wconf 8' lang='grc' dir='ltr'><strong>Ἴ</strong></span> <span class='ocrx_word' id='word_1_65' title='bbox 83 1193 151 1237; x_wconf 89' lang='lat' dir='ltr'><strong>oum</strong></span> <span class='ocrx_word' id='word_1_66' title='bbox 179 1176 228 1236; x_wconf 92' lang='lat' dir='ltr'><strong>alii</strong></span> <span class='ocrx_word' id='word_1_67' title='bbox 259 1175 391 1237; x_wconf 87' lang='lat' dir='ltr'><strong>Sullanis</strong></span> <span class='ocrx_word' id='word_1_68' title='bbox 420 1178 470 1237; x_wconf 93' lang='lat' dir='ltr'><strong>alii</strong></span> <span class='ocrx_word' id='word_1_69' title='bbox 500 1176 645 1238; x_wconf 80' lang='lat' dir='ltr'><strong>Cinnanis</strong></span> <span class='ocrx_word' id='word_1_70' title='bbox 673 1178 806 1238; x_wconf 89' lang='lat' dir='ltr'><strong>iaverent</strong></span> <span class='ocrx_word' id='word_1_71' title='bbox 832 1177 983 1256; x_wconf 89' lang='lat' dir='ltr'><strong>partibus,</strong></span> <span class='ocrx_word' id='word_1_72' title='bbox 1017 1177 1159 1255; x_wconf 79' lang='lat' dir='ltr'><strong>idoneum</strong></span> 
     </span>
    </p>

    <p class='ocr_par' dir='ltr' id='par_1_6' title="bbox 16 1256 1156 1341">
     <span class='ocr_line' id='line_1_10' title="bbox 16 1256 1156 1341; baseline 0.001 -20"><span class='ocrx_word' id='word_1_73' title='bbox 16 1256 18 1335; x_wconf 58' lang='lat' dir='ltr'><strong>f</strong></span> <span class='ocrx_word' id='word_1_74' title='bbox 82 1268 201 1341; x_wconf 87' lang='lat' dir='ltr'><strong>tempus</strong></span> <span class='ocrx_word' id='word_1_75' title='bbox 229 1268 312 1321; x_wconf 89' lang='lat' dir='ltr'><strong>ratus</strong></span> <span class='ocrx_word' id='word_1_76' title='bbox 340 1261 448 1322; x_wconf 90' lang='lat' dir='ltr'><strong>studiis</strong></span> <span class='ocrx_word' id='word_1_77' title='bbox 480 1260 667 1340; x_wconf 87' lang='lat' dir='ltr'><strong>obsequendi</strong></span> <span class='ocrx_word' id='word_1_78' title='bbox 695 1262 758 1322; x_wconf 89' lang='lat' dir='ltr'><strong>suis</strong></span> <span class='ocrx_word' id='word_1_79' title='bbox 787 1263 918 1323; x_wconf 84' lang='lat' dir='ltr'><strong>Athenas</strong></span> <span class='ocrx_word' id='word_1_80' title='bbox 953 1280 987 1323; x_wconf 90' lang='lat' dir='ltr'><strong>se</strong></span> <span class='ocrx_word' id='word_1_81' title='bbox 1022 1263 1156 1324; x_wconf 88' lang='lat' dir='ltr'><strong>contulit.</strong></span> 
     </span>
    </p>

    <p class='ocr_par' dir='ltr' id='par_1_7' title="bbox 16 1345 1157 1424">
     <span class='ocr_line' id='line_1_11' title="bbox 16 1345 1157 1424; baseline 0.001 -17"><span class='ocrx_word' id='word_1_82' title='bbox 16 1354 18 1375; x_wconf 80' lang='lat'><em>¹</em></span> <span class='ocrx_word' id='word_1_83' title='bbox 81 1345 186 1424; x_wconf 85' lang='lat' dir='ltr'><strong>Neque</strong></span> <span class='ocrx_word' id='word_1_84' title='bbox 209 1364 245 1406; x_wconf 93' lang='lat' dir='ltr'><strong>eo</strong></span> <span class='ocrx_word' id='word_1_85' title='bbox 268 1345 368 1406; x_wconf 90' lang='lat' dir='ltr'><strong>secius</strong></span> <span class='ocrx_word' id='word_1_86' title='bbox 390 1346 611 1419; x_wconf 86' lang='lat' dir='ltr'><strong>adolescentem</strong></span> <span class='ocrx_word' id='word_1_87' title='bbox 633 1345 758 1409; x_wconf 87' lang='lat' dir='ltr'><strong>hiarium</strong></span> <span class='ocrx_word' id='word_1_88' title='bbox 780 1347 899 1406; x_wconf 87' lang='lat' dir='ltr'><strong>hostem</strong></span> <span class='ocrx_word' id='word_1_89' title='bbox 926 1345 1087 1408; x_wconf 92' lang='lat' dir='ltr'><strong>iudicatum</strong></span> <span class='ocrx_word' id='word_1_90' title='bbox 1111 1346 1157 1408; x_wconf 94' lang='lat' dir='ltr'><strong>iu-</strong></span> 
     </span>
    </p>

    <p class='ocr_par' dir='ltr' id='par_1_8' title="bbox 83 1428 1199 1510">
     <span class='ocr_line' id='line_1_12' title="bbox 83 1428 1199 1510; baseline 0.003 -20"><span class='ocrx_word' id='word_1_91' title='bbox 83 1430 127 1490; x_wconf 82' lang='lat' dir='ltr'><strong>vit</strong></span> <span class='ocrx_word' id='word_1_92' title='bbox 148 1429 257 1509; x_wconf 84' lang='lat' dir='ltr'><strong>opibus</strong></span> <span class='ocrx_word' id='word_1_93' title='bbox 280 1428 361 1502; x_wconf 84' lang='lat' dir='ltr'><strong>suis;</strong></span> <span class='ocrx_word' id='word_1_94' title='bbox 384 1430 469 1490; x_wconf 90' lang='lat' dir='ltr'><strong>cuius</strong></span> <span class='ocrx_word' id='word_1_95' title='bbox 492 1431 592 1506; x_wconf 78' lang='lat' dir='ltr'><strong>frigam</strong></span> <span class='ocrx_word' id='word_1_96' title='bbox 614 1429 741 1510; x_wconf 88' lang='lat' dir='ltr'><strong>pecunia</strong></span> <span class='ocrx_word' id='word_1_97' title='bbox 767 1431 940 1491; x_wconf 83' lang='lat' dir='ltr'><strong>sublevavit.</strong></span> <span class='ocrx_word' id='word_1_98' title='bbox 984 1434 1026 1491; x_wconf 88' lang='lat' dir='ltr'><strong>Ac</strong></span> <span class='ocrx_word' id='word_1_99' title='bbox 1048 1449 1085 1491; x_wconf 89' lang='lat' dir='ltr'><strong>ne</strong></span> <span class='ocrx_word' id='word_1_100' title='bbox 1107 1431 1158 1492; x_wconf 91' lang='lat' dir='ltr'><strong>illa</strong></span> <span class='ocrx_word' id='word_1_101' title='bbox 1181 1436 1199 1494; x_wconf 86' lang='grc'>3</span> 
     </span>
    </p>

    <p class='ocr_par' dir='ltr' id='par_1_9' title="bbox 14 1513 1158 1595">
     <span class='ocr_line' id='line_1_13' title="bbox 14 1513 1158 1595; baseline 0 -21"><span class='ocrx_word' id='word_1_102' title='bbox 14 1522 16 1541; x_wconf 74' lang='lat'><em>&#39;</em></span> <span class='ocrx_word' id='word_1_103' title='bbox 82 1513 286 1595; x_wconf 81' lang='lat' dir='ltr'><strong>peregrinatio</strong></span> <span class='ocrx_word' id='word_1_104' title='bbox 315 1514 526 1576; x_wconf 88' lang='lat' dir='ltr'><strong>detrimentum</strong></span> <span class='ocrx_word' id='word_1_105' title='bbox 556 1515 676 1593; x_wconf 90' lang='lat' dir='ltr'><strong>aliquod</strong></span> <span class='ocrx_word' id='word_1_106' title='bbox 706 1517 828 1576; x_wconf 84' lang='lat' dir='ltr'><strong>afferret</strong></span> <span class='ocrx_word' id='word_1_107' title='bbox 849 1515 893 1575; x_wconf 92' lang='lat' dir='ltr'><strong>rei</strong></span> <span class='ocrx_word' id='word_1_108' title='bbox 916 1514 1071 1586; x_wconf 79' lang='lat' dir='ltr'><strong>familiari,</strong></span> <span class='ocrx_word' id='word_1_109' title='bbox 1107 1533 1158 1576; x_wconf 87' lang='lat' dir='ltr'><strong>eo-</strong></span> 
     </span>
    </p>

    <p class='ocr_par' dir='ltr' id='par_1_10' title="bbox 13 1599 1160 1678">
     <span class='ocr_line' id='line_1_14' title="bbox 13 1599 1160 1678; baseline 0.002 -21"><span class='ocrx_word' id='word_1_110' title='bbox 13 1626 16 1657; x_wconf 81' lang='lat' dir='ltr'><strong>i</strong></span> <span class='ocrx_word' id='word_1_111' title='bbox 82 1600 151 1660; x_wconf 92' lang='lat' dir='ltr'><strong>dem</strong></span> <span class='ocrx_word' id='word_1_112' title='bbox 175 1616 312 1676; x_wconf 82' lang='lat' dir='ltr'><strong>magnam</strong></span> <span class='ocrx_word' id='word_1_113' title='bbox 334 1609 449 1678; x_wconf 88' lang='lat' dir='ltr'><strong>partem</strong></span> <span class='ocrx_word' id='word_1_114' title='bbox 470 1599 659 1660; x_wconf 76' lang='lat' dir='ltr'><strong>&#39;iortunamm</strong></span> <span class='ocrx_word' id='word_1_115' title='bbox 675 1599 795 1660; x_wconf 88' lang='lat' dir='ltr'><strong>traiecit</strong></span> <span class='ocrx_word' id='word_1_116' title='bbox 809 1617 939 1660; x_wconf 91' lang='lat' dir='ltr'><strong>suarum.</strong></span> <span class='ocrx_word' id='word_1_117' title='bbox 961 1599 1160 1660; x_wconf 82' lang='lat' dir='ltr'><strong>Hicita‘vinit</strong></span> 
     </span>
    </p>

    <p class='ocr_par' dir='ltr' id='par_1_11' title="bbox 13 1682 1199 1849">
     <span class='ocr_line' id='line_1_15' title="bbox 13 1682 1199 1746; baseline 0.002 -2"><span class='ocrx_word' id='word_1_118' title='bbox 13 1700 14 1707; x_wconf 53' lang='lat'>¹</span> <span class='ocrx_word' id='word_1_119' title='bbox 83 1691 116 1744; x_wconf 89' lang='lat' dir='ltr'><strong>ut</strong></span> <span class='ocrx_word' id='word_1_120' title='bbox 145 1683 294 1744; x_wconf 88' lang='lat' dir='ltr'><strong>universis</strong></span> <span class='ocrx_word' id='word_1_121' title='bbox 323 1682 556 1745; x_wconf 81' lang='lat' dir='ltr'><strong>Atheniensibus</strong></span> <span class='ocrx_word' id='word_1_122' title='bbox 590 1684 697 1744; x_wconf 90' lang='lat' dir='ltr'><strong>merito</strong></span> <span class='ocrx_word' id='word_1_123' title='bbox 733 1692 815 1745; x_wconf 90' lang='lat' dir='ltr'><strong>esset</strong></span> <span class='ocrx_word' id='word_1_124' title='bbox 846 1683 1031 1744; x_wconf 88' lang='lat' dir='ltr'><strong>carissimus.</strong></span> <span class='ocrx_word' id='word_1_125' title='bbox 1083 1683 1199 1746; x_wconf 70' lang='lat' dir='ltr'><strong>Numi</strong></span> 
     </span>
     <span class='ocr_line' id='line_1_16' title="bbox 26 1765 1156 1849; baseline -0.001 -20"><span class='ocrx_word' id='word_1_126' title='bbox 26 1824 29 1829; x_wconf 23' lang='lat'><strong>⁴</strong></span> <span class='ocrx_word' id='word_1_127' title='bbox 80 1775 202 1849; x_wconf 87' lang='lat' dir='ltr'><strong>praeter</strong></span> <span class='ocrx_word' id='word_1_128' title='bbox 235 1767 375 1845; x_wconf 83' lang='lat' dir='ltr'><strong>gratiam,</strong></span> <span class='ocrx_word' id='word_1_129' title='bbox 408 1765 494 1846; x_wconf 80' lang='lat' dir='ltr'><strong>&#39;quae</strong></span> <span class='ocrx_word' id='word_1_130' title='bbox 522 1768 581 1828; x_wconf 93' lang='lat' dir='ltr'><strong>iam</strong></span> <span class='ocrx_word' id='word_1_131' title='bbox 614 1767 644 1828; x_wconf 92' lang='lat' dir='ltr'><strong>in</strong></span> <span class='ocrx_word' id='word_1_132' title='bbox 685 1769 910 1831; x_wconf 82' lang='lat' dir='ltr'><strong>adolescentulo</strong></span> <span class='ocrx_word' id='word_1_133' title='bbox 943 1786 1050 1845; x_wconf 83' lang='lat' dir='ltr'><strong>magna</strong></span> <span class='ocrx_word' id='word_1_134' title='bbox 1084 1775 1156 1840; x_wconf 75' lang='lat' dir='ltr'><strong>erat,</strong></span> 
     </span>
    </p>

    <p class='ocr_par' dir='ltr' id='par_1_12' title="bbox 81 1851 1262 1933">
     <span class='ocr_line' id='line_1_17' title="bbox 81 1851 1262 1933; baseline -0.004 -21"><span class='ocrx_word' id='word_1_135' title='bbox 81 1868 174 1931; x_wconf 86' lang='lat' dir='ltr'><strong>saepe</strong></span> <span class='ocrx_word' id='word_1_136' title='bbox 203 1852 267 1913; x_wconf 89' lang='lat' dir='ltr'><strong>suis</strong></span> <span class='ocrx_word' id='word_1_137' title='bbox 299 1851 407 1931; x_wconf 91' lang='lat' dir='ltr'><strong>opibus</strong></span> <span class='ocrx_word' id='word_1_138' title='bbox 435 1852 569 1932; x_wconf 88' lang='lat' dir='ltr'><strong>inopiam</strong></span> <span class='ocrx_word' id='word_1_139' title='bbox 599 1871 701 1913; x_wconf 91' lang='lat' dir='ltr'><strong>eorum</strong></span> <span class='ocrx_word' id='word_1_140' title='bbox 732 1853 882 1933; x_wconf 83' lang='lat' dir='ltr'><strong>publicam</strong></span> <span class='ocrx_word' id='word_1_141' title='bbox 916 1853 1032 1913; x_wconf 89' lang='lat' dir='ltr'><strong>levavit.</strong></span> <span class='ocrx_word' id='word_1_142' title='bbox 1083 1853 1157 1913; x_wconf 88' lang='lat' dir='ltr'><strong>Cum</strong></span> <span class='ocrx_word' id='word_1_143' title='bbox 1255 1896 1262 1907; x_wconf 71' lang='lat'><strong>.</strong></span> 
     </span>
    </p>

    <p class='ocr_par' dir='ltr' id='par_1_13' title="bbox 81 1936 1157 2019">
     <span class='ocr_line' id='line_1_18' title="bbox 81 1936 1157 2019; baseline 0 -24"><span class='ocrx_word' id='word_1_144' title='bbox 81 1936 162 1996; x_wconf 91' lang='lat' dir='ltr'><strong>enim</strong></span> <span class='ocrx_word' id='word_1_145' title='bbox 186 1954 338 1997; x_wconf 90' lang='lat' dir='ltr'><strong>versuram</strong></span> <span class='ocrx_word' id='word_1_146' title='bbox 362 1937 460 1997; x_wconf 89' lang='lat' dir='ltr'><strong>iacere</strong></span> <span class='ocrx_word' id='word_1_147' title='bbox 483 1936 603 2015; x_wconf 87' lang='lat' dir='ltr'><strong>publice</strong></span> <span class='ocrx_word' id='word_1_148' title='bbox 625 1955 751 1997; x_wconf 88' lang='lat' dir='ltr'><strong>necesse</strong></span> <span class='ocrx_word' id='word_1_149' title='bbox 773 1946 855 2011; x_wconf 88' lang='lat' dir='ltr'><strong>esset</strong></span> <span class='ocrx_word' id='word_1_150' title='bbox 877 1954 974 2014; x_wconf 88' lang='lat' dir='ltr'><strong>neque</strong></span> <span class='ocrx_word' id='word_1_151' title='bbox 997 1936 1157 2019; x_wconf 80' lang='lat' dir='ltr'><strong>eiusccu-</strong></span> 
     </span>
    </p>

    <p class='ocr_par' dir='ltr' id='par_1_14' title="bbox 81 2019 1159 2099">
     <span class='ocr_line' id='line_1_19' title="bbox 81 2019 1159 2099; baseline 0 -18"><span class='ocrx_word' id='word_1_152' title='bbox 81 2020 234 2082; x_wconf 88' lang='lat' dir='ltr'><strong>dicionem</strong></span> <span class='ocrx_word' id='word_1_153' title='bbox 257 2038 382 2098; x_wconf 90' lang='lat' dir='ltr'><strong>aequam</strong></span> <span class='ocrx_word' id='word_1_154' title='bbox 405 2019 565 2092; x_wconf 86' lang='lat' dir='ltr'><strong>haherent,</strong></span> <span class='ocrx_word' id='word_1_155' title='bbox 599 2038 720 2099; x_wconf 88' lang='lat' dir='ltr'><strong>semper</strong></span> <span class='ocrx_word' id='word_1_156' title='bbox 741 2040 774 2082; x_wconf 88' lang='lat' dir='ltr'><strong>sc</strong></span> <span class='ocrx_word' id='word_1_157' title='bbox 797 2020 978 2098; x_wconf 88' lang='lat' dir='ltr'><strong>interposuit</strong></span> <span class='ocrx_word' id='word_1_158' title='bbox 1007 2029 1095 2097; x_wconf 86' lang='lat' dir='ltr'><strong>atque</strong></span> <span class='ocrx_word' id='word_1_159' title='bbox 1116 2019 1159 2081; x_wconf 88' lang='lat' dir='ltr'><strong>ita</strong></span> 
     </span>
    </p>

    <p class='ocr_par' dir='ltr' id='par_1_15' title="bbox 80 2103 1156 2183">
     <span class='ocr_line' id='line_1_20' title="bbox 80 2103 1156 2183; baseline -0.004 -17"><span class='ocrx_word' id='word_1_160' title='bbox 80 2112 115 2166; x_wconf 89' lang='lat' dir='ltr'><strong>ut</strong></span> <span class='ocrx_word' id='word_1_161' title='bbox 143 2122 240 2183; x_wconf 91' lang='lat' dir='ltr'><strong>neque</strong></span> <span class='ocrx_word' id='word_1_162' title='bbox 272 2122 393 2163; x_wconf 89' lang='lat' dir='ltr'><strong>usuram</strong></span> <span class='ocrx_word' id='word_1_163' title='bbox 421 2103 553 2182; x_wconf 90' lang='lat' dir='ltr'><strong>iniquam</strong></span> <span class='ocrx_word' id='word_1_164' title='bbox 583 2103 701 2165; x_wconf 86' lang='lat' dir='ltr'><strong>abhis.</strong></span> <span class='ocrx_word' id='word_1_165' title='bbox 724 2104 875 2182; x_wconf 87' lang='lat' dir='ltr'><strong>acceperit</strong></span> <span class='ocrx_word' id='word_1_166' title='bbox 911 2122 1008 2181; x_wconf 89' lang='lat' dir='ltr'><strong>neque</strong></span> <span class='ocrx_word' id='word_1_167' title='bbox 1037 2103 1156 2178; x_wconf 85' lang='lat' dir='ltr'><strong>longius</strong></span> 
     </span>
    </p>

    <p class='ocr_par' dir='ltr' id='par_1_16' title="bbox 81 2187 1197 2268">
     <span class='ocr_line' id='line_1_21' title="bbox 81 2187 1197 2268; baseline 0.001 -20"><span class='ocrx_word' id='word_1_168' title='bbox 81 2205 172 2268; x_wconf 90' lang='lat' dir='ltr'><strong>quam</strong></span> <span class='ocrx_word' id='word_1_169' title='bbox 196 2188 310 2248; x_wconf 91' lang='lat' dir='ltr'><strong>dictum</strong></span> <span class='ocrx_word' id='word_1_170' title='bbox 332 2197 413 2248; x_wconf 89' lang='lat' dir='ltr'><strong>esset</strong></span> <span class='ocrx_word' id='word_1_171' title='bbox 434 2187 544 2248; x_wconf 84' lang='lat' dir='ltr'><strong>dehere</strong></span> <span class='ocrx_word' id='word_1_172' title='bbox 567 2206 675 2266; x_wconf 91' lang='lat' dir='ltr'><strong>passus</strong></span> <span class='ocrx_word' id='word_1_173' title='bbox 699 2188 748 2247; x_wconf 89' lang='lat' dir='ltr'><strong>sit.</strong></span> <span class='ocrx_word' id='word_1_174' title='bbox 799 2188 887 2259; x_wconf 84' lang='lat' dir='ltr'><strong>Quod</strong></span> <span class='ocrx_word' id='word_1_175' title='bbox 909 2196 1067 2266; x_wconf 87' lang='lat' dir='ltr'><strong>utrumque</strong></span> <span class='ocrx_word' id='word_1_176' title='bbox 1093 2195 1156 2246; x_wconf 91' lang='lat' dir='ltr'><strong>erat</strong></span> <span class='ocrx_word' id='word_1_177' title='bbox 1180 2193 1197 2249; x_wconf 84' lang='lat'><strong>5</strong></span> 
     </span>
    </p>

    <p class='ocr_par' dir='ltr' id='par_1_17' title="bbox 78 2266 1156 2351">
     <span class='ocr_line' id='line_1_22' title="bbox 78 2266 1156 2351; baseline -0.002 -18"><span class='ocrx_word' id='word_1_178' title='bbox 78 2271 129 2351; x_wconf 85' lang='lat' dir='ltr'><strong>his</strong></span> <span class='ocrx_word' id='word_1_179' title='bbox 158 2270 299 2332; x_wconf 86' lang='lat' dir='ltr'><strong>salutare.</strong></span> <span class='ocrx_word' id='word_1_180' title='bbox 351 2271 426 2332; x_wconf 89' lang='lat' dir='ltr'><strong>Nam</strong></span> <span class='ocrx_word' id='word_1_181' title='bbox 462 2289 559 2351; x_wconf 90' lang='lat' dir='ltr'><strong>neque</strong></span> <span class='ocrx_word' id='word_1_182' title='bbox 588 2271 770 2349; x_wconf 79' lang='lat' dir='ltr'><strong>indulgendo</strong></span> <span class='ocrx_word' id='word_1_183' title='bbox 799 2266 1017 2332; x_wconf 80' lang='lat' dir='ltr'><strong>inveterascere</strong></span> <span class='ocrx_word' id='word_1_184' title='bbox 1052 2287 1156 2332; x_wconf 90' lang='lat' dir='ltr'><strong>eorum</strong></span> 
     </span>
    </p>

    <p class='ocr_par' dir='ltr' id='par_1_18' title="bbox 79 2355 1155 2435">
     <span class='ocr_line' id='line_1_23' title="bbox 79 2355 1155 2435; baseline -0.004 -16"><span class='ocrx_word' id='word_1_185' title='bbox 79 2376 132 2419; x_wconf 88' lang='lat' dir='ltr'><strong>aes</strong></span> <span class='ocrx_word' id='word_1_186' title='bbox 156 2356 285 2417; x_wconf 89' lang='lat' dir='ltr'><strong>alienum</strong></span> <span class='ocrx_word' id='word_1_187' title='bbox 307 2355 478 2435; x_wconf 83' lang='lat' dir='ltr'><strong>patiebatur</strong></span> <span class='ocrx_word' id='word_1_188' title='bbox 504 2375 603 2434; x_wconf 90' lang='lat' dir='ltr'><strong>neque</strong></span> <span class='ocrx_word' id='word_1_189' title='bbox 630 2356 864 2434; x_wconf 86' lang='lat' dir='ltr'><strong>multiplicandis</strong></span> <span class='ocrx_word' id='word_1_190' title='bbox 885 2355 985 2416; x_wconf 90' lang='lat' dir='ltr'><strong>usuris</strong></span> <span class='ocrx_word' id='word_1_191' title='bbox 1008 2374 1155 2416; x_wconf 86' lang='lat' dir='ltr'><strong>crescere.</strong></span> 
     </span>
    </p>

    <p class='ocr_par' dir='ltr' id='par_1_19' title="bbox 78 2438 1196 2519">
     <span class='ocr_line' id='line_1_24' title="bbox 78 2438 1196 2519; baseline 0.001 -17"><span class='ocrx_word' id='word_1_192' title='bbox 78 2440 168 2511; x_wconf 84' lang='lat' dir='ltr'><strong>Auxit</strong></span> <span class='ocrx_word' id='word_1_193' title='bbox 189 2441 247 2501; x_wconf 92' lang='lat' dir='ltr'><strong>hoc</strong></span> <span class='ocrx_word' id='word_1_194' title='bbox 275 2441 406 2502; x_wconf 83' lang='lat' dir='ltr'><strong>cilicium</strong></span> <span class='ocrx_word' id='word_1_195' title='bbox 436 2440 493 2502; x_wconf 92' lang='lat' dir='ltr'><strong>alia</strong></span> <span class='ocrx_word' id='word_1_196' title='bbox 523 2459 643 2519; x_wconf 88' lang='lat' dir='ltr'><strong>quoque</strong></span> <span class='ocrx_word' id='word_1_197' title='bbox 670 2441 858 2501; x_wconf 86' lang='lat' dir='ltr'><strong>liberalitate.</strong></span> <span class='ocrx_word' id='word_1_198' title='bbox 901 2440 976 2500; x_wconf 90' lang='lat' dir='ltr'><strong>Nam</strong></span> <span class='ocrx_word' id='word_1_199' title='bbox 998 2438 1196 2503; x_wconf 81' lang='lat' dir='ltr'><strong>universosd</strong></span> 
     </span>
    </p>

    <p class='ocr_par' dir='ltr' id='par_1_20' title="bbox 78 2523 1153 2604">
     <span class='ocr_line' id='line_1_25' title="bbox 78 2523 1153 2604; baseline -0.003 -19"><span class='ocrx_word' id='word_1_200' title='bbox 78 2526 228 2587; x_wconf 85' lang='lat' dir='ltr'><strong>frumento</strong></span> <span class='ocrx_word' id='word_1_201' title='bbox 251 2525 380 2598; x_wconf 83' lang='lat' dir='ltr'><strong>donavit,</strong></span> <span class='ocrx_word' id='word_1_202' title='bbox 404 2526 443 2586; x_wconf 91' lang='lat' dir='ltr'><strong>ita</strong></span> <span class='ocrx_word' id='word_1_203' title='bbox 466 2533 499 2585; x_wconf 87' lang='lat' dir='ltr'><strong>ut</strong></span> <span class='ocrx_word' id='word_1_204' title='bbox 521 2525 649 2602; x_wconf 80' lang='lat' dir='ltr'><strong>singulis</strong></span> <span class='ocrx_word' id='word_1_205' title='bbox 671 2537 786 2604; x_wconf 90' lang='lat' dir='ltr'><strong>septem</strong></span> <span class='ocrx_word' id='word_1_206' title='bbox 808 2524 901 2585; x_wconf 92' lang='lat' dir='ltr'><strong>modii</strong></span> <span class='ocrx_word' id='word_1_207' title='bbox 928 2523 1019 2584; x_wconf 92' lang='lat' dir='ltr'><strong>tritici</strong></span> <span class='ocrx_word' id='word_1_208' title='bbox 1048 2525 1153 2584; x_wconf 88' lang='lat' dir='ltr'><strong>daren-</strong></span> 
     </span>
    </p>

    <p class='ocr_par' dir='ltr' id='par_1_21' title="bbox 7 2607 1061 2687">
     <span class='ocr_line' id='line_1_26' title="bbox 7 2607 1061 2687; baseline -0.005 -14"><span class='ocrx_word' id='word_1_209' title='bbox 7 2652 8 2673; x_wconf 57' lang='grc'><strong>;</strong></span> <span class='ocrx_word' id='word_1_210' title='bbox 79 2618 145 2683; x_wconf 80' lang='lat' dir='ltr'><strong>tur3</strong></span> <span class='ocrx_word' id='word_1_211' title='bbox 168 2609 219 2686; x_wconf 94' lang='lat' dir='ltr'><strong>qui</strong></span> <span class='ocrx_word' id='word_1_212' title='bbox 242 2609 350 2671; x_wconf 91' lang='lat' dir='ltr'><strong>modus</strong></span> <span class='ocrx_word' id='word_1_213' title='bbox 374 2628 531 2671; x_wconf 88' lang='lat' dir='ltr'><strong>mensurae</strong></span> <span class='ocrx_word' id='word_1_214' title='bbox 554 2609 723 2670; x_wconf 89' lang='lat' dir='ltr'><strong>medimnus</strong></span> <span class='ocrx_word' id='word_1_215' title='bbox 739 2609 862 2669; x_wconf 81' lang='lat' dir='ltr'><strong>Athenis</strong></span> <span class='ocrx_word' id='word_1_216' title='bbox 885 2607 1061 2687; x_wconf 85' lang='lat' dir='ltr'><strong>appellatur.</strong></span> 
     </span>
    </p>
   </div>
   <div class='ocr_carea' id='block_1_3' title="bbox 38 2806 1218 3686">
    <p class='ocr_par' dir='ltr' id='par_1_22' title="bbox 77 2806 1177 3142">
     <span class='ocr_line' id='line_1_27' title="bbox 114 2806 1177 2877; baseline -0.003 -17"><span class='ocrx_word' id='word_1_217' title='bbox 114 2806 143 2864; x_wconf 67' lang='lat'><strong>2.</strong></span> <span class='ocrx_word' id='word_1_218' title='bbox 165 2813 189 2860; x_wconf 87' lang='lat'><strong>1.</strong></span> <span class='ocrx_word' id='word_1_219' title='bbox 208 2813 231 2860; x_wconf 86' lang='lat' dir='ltr'><strong>P.</strong></span> <span class='ocrx_word' id='word_1_220' title='bbox 243 2813 359 2875; x_wconf 82' lang='lat' dir='ltr'><strong>Sulpicius</strong></span> <span class='ocrx_word' id='word_1_221' title='bbox 376 2810 450 2859; x_wconf 85' lang='lat' dir='ltr'><strong>ward</strong></span> <span class='ocrx_word' id='word_1_222' title='bbox 461 2824 484 2858; x_wconf 82' lang='lat' dir='ltr'><strong>a.</strong></span> <span class='ocrx_word' id='word_1_223' title='bbox 495 2826 519 2858; x_wconf 94' lang='lat' dir='ltr'><strong>u.</strong></span> <span class='ocrx_word' id='word_1_224' title='bbox 530 2811 586 2867; x_wconf 87' lang='grc'>666,</span> <span class='ocrx_word' id='word_1_225' title='bbox 675 2828 700 2862; x_wconf 83' lang='lat' dir='ltr'><strong>se</strong></span> <span class='ocrx_word' id='word_1_226' title='bbox 724 2814 874 2877; x_wconf 78' lang='lat' dir='ltr'><strong>interposuit,</strong></span> <span class='ocrx_word' id='word_1_227' title='bbox 910 2809 993 2858; x_wconf 82' lang='lat' dir='ltr'><strong>tndem</strong></span> <span class='ocrx_word' id='word_1_228' title='bbox 1022 2822 1051 2857; x_wconf 85' lang='lat' dir='ltr'><strong>er</strong></span> <span class='ocrx_word' id='word_1_229' title='bbox 1079 2806 1177 2857; x_wconf 75' lang='lat' dir='ltr'><strong>ihuen.</strong></span> 
     </span>
     <span class='ocr_line' id='line_1_28' title="bbox 77 2873 1154 2937; baseline -0.006 -8"><span class='ocrx_word' id='word_1_230' title='bbox 77 2895 104 2929; x_wconf 85' lang='lat' dir='ltr'><strong>v.</strong></span> <span class='ocrx_word' id='word_1_231' title='bbox 115 2877 160 2925; x_wconf 87' lang='lat' dir='ltr'><strong>Clr.</strong></span> <span class='ocrx_word' id='word_1_232' title='bbox 171 2878 203 2928; x_wconf 87' lang='lat'><strong>88</strong></span> <span class='ocrx_word' id='word_1_233' title='bbox 222 2877 343 2937; x_wconf 78' lang='lat' dir='ltr'><strong>getddtct.</strong></span> <span class='ocrx_word' id='word_1_234' title='bbox 641 2877 695 2926; x_wconf 88' lang='lat' dir='ltr'><strong>sein</strong></span> <span class='ocrx_word' id='word_1_235' title='bbox 720 2877 782 2927; x_wconf 83' lang='lat' dir='ltr'><strong>oder</strong></span> <span class='ocrx_word' id='word_1_236' title='bbox 804 2877 851 2927; x_wconf 82' lang='lat' dir='ltr'><strong>aui</strong></span> <span class='ocrx_word' id='word_1_237' title='bbox 869 2875 955 2926; x_wconf 89' lang='lat' dir='ltr'><strong>scinen</strong></span> <span class='ocrx_word' id='word_1_238' title='bbox 979 2875 1075 2926; x_wconf 84' lang='lat' dir='ltr'><strong>Numen</strong></span> <span class='ocrx_word' id='word_1_239' title='bbox 1100 2873 1154 2924; x_wconf 86' lang='lat' dir='ltr'><strong>uui·</strong></span> 
     </span>
     <span class='ocr_line' id='line_1_29' title="bbox 77 2942 1153 3078; baseline -0.006 -15"><span class='ocrx_word' id='word_1_240' title='bbox 77 2943 590 3077; x_wconf 30' lang='lat' dir='ltr'><strong>prnppupffipplpiep.Perpppppcipugupp</strong></span> <span class='ocrx_word' id='word_1_241' title='bbox 641 2942 1153 3078; x_wconf 32' lang='lat' dir='ltr'><strong>gepamppppphpappstrzpprppl.921th</strong></span> 
     </span>
     <span class='ocr_line' id='line_1_30' title="bbox 77 3078 1153 3142; baseline -0.002 -13"><span class='ocrx_word' id='word_1_242' title='bbox 77 3080 151 3129; x_wconf 84' lang='lat' dir='ltr'><strong>Eum.</strong></span> <span class='ocrx_word' id='word_1_243' title='bbox 163 3081 213 3137; x_wconf 88' lang='lat'><strong>1‚1.</strong></span> <span class='ocrx_word' id='word_1_244' title='bbox 641 3078 1153 3142; x_wconf 78' lang='lat' dir='ltr'><strong>VormehrungderZiuscndh.dherdcu</strong></span> 
     </span>
    </p>

    <p class='ocr_par' dir='ltr' id='par_1_23' title="bbox 38 3144 1218 3686">
     <span class='ocr_line' id='line_1_31' title="bbox 113 3144 1132 3213; baseline -0.005 -14"><span class='ocrx_word' id='word_1_245' title='bbox 113 3152 191 3199; x_wconf 82' lang='lat' dir='ltr'><strong>Servio</strong></span> <span class='ocrx_word' id='word_1_246' title='bbox 216 3146 357 3213; x_wconf 74' lang='lat' dir='ltr'><strong>(Sulpicio),</strong></span> <span class='ocrx_word' id='word_1_247' title='bbox 395 3152 464 3212; x_wconf 71' lang='lat' dir='ltr'><strong>fratri</strong></span> <span class='ocrx_word' id='word_1_248' title='bbox 489 3145 591 3206; x_wconf 68' lang='lat' dir='ltr'><strong>(Publii)</strong></span> <span class='ocrx_word' id='word_1_249' title='bbox 642 3146 743 3209; x_wconf 80' lang='lat' dir='ltr'><strong>billigen</strong></span> <span class='ocrx_word' id='word_1_250' title='bbox 758 3147 873 3196; x_wconf 87' lang='lat' dir='ltr'><strong>Zinsiuss</strong></span> <span class='ocrx_word' id='word_1_251' title='bbox 887 3150 1061 3212; x_wconf 80' lang='lat' dir='ltr'><strong>(osoroiuiquo</strong></span> <span class='ocrx_word' id='word_1_252' title='bbox 1074 3144 1132 3210; x_wconf 71' lang='lat' dir='ltr'><strong>§dh</strong></span> 
     </span>
     <span class='ocr_line' id='line_1_32' title="bbox 78 3212 1154 3281; baseline -0.007 -13"><span class='ocrx_word' id='word_1_253' title='bbox 78 3219 143 3281; x_wconf 85' lang='lat' dir='ltr'><strong>Sulp.</strong></span> <span class='ocrx_word' id='word_1_254' title='bbox 162 3214 219 3277; x_wconf 83' lang='lat' dir='ltr'><strong>Vgl.</strong></span> <span class='ocrx_word' id='word_1_255' title='bbox 232 3218 269 3273; x_wconf 84' lang='lat'><strong>16,</strong></span> <span class='ocrx_word' id='word_1_256' title='bbox 281 3217 305 3266; x_wconf 85' lang='lat'><strong>2.</strong></span> <span class='ocrx_word' id='word_1_257' title='bbox 676 3216 700 3266; x_wconf 87' lang='lat' dir='ltr'><strong>ii.</strong></span> <span class='ocrx_word' id='word_1_258' title='bbox 720 3224 812 3280; x_wconf 78' lang='lat' dir='ltr'><strong>septem.</strong></span> <span class='ocrx_word' id='word_1_259' title='bbox 833 3214 917 3265; x_wconf 87' lang='lat' dir='ltr'><strong>chn</strong></span> <span class='ocrx_word' id='word_1_260' title='bbox 936 3214 976 3263; x_wconf 89' lang='lat' dir='ltr'><strong>die</strong></span> <span class='ocrx_word' id='word_1_261' title='bbox 988 3212 1154 3274; x_wconf 73' lang='lat' dir='ltr'><strong>Vertheilung</strong></span> 
     </span>
     <span class='ocr_line' id='line_1_33' title="bbox 38 3279 1154 3334; baseline -0.004 0"><span class='ocrx_word' id='word_1_262' title='bbox 38 3331 42 3334; x_wconf 83' lang='grc'><em>.</em></span> <span class='ocrx_word' id='word_1_263' title='bbox 112 3284 136 3333; x_wconf 80' lang='lat'><strong>2.</strong></span> <span class='ocrx_word' id='word_1_264' title='bbox 157 3280 189 3332; x_wconf 87' lang='lat' dir='ltr'><strong>N.</strong></span> <span class='ocrx_word' id='word_1_265' title='bbox 215 3283 341 3332; x_wconf 87' lang='lat' dir='ltr'><strong>herichtct</strong></span> <span class='ocrx_word' id='word_1_266' title='bbox 364 3281 432 3331; x_wconf 90' lang='lat' dir='ltr'><strong>nicht</strong></span> <span class='ocrx_word' id='word_1_267' title='bbox 457 3282 518 3331; x_wconf 91' lang='lat' dir='ltr'><strong>nach</strong></span> <span class='ocrx_word' id='word_1_268' title='bbox 545 3282 591 3331; x_wconf 87' lang='lat' dir='ltr'><strong>der</strong></span> <span class='ocrx_word' id='word_1_269' title='bbox 640 3283 717 3332; x_wconf 80' lang='lat' dir='ltr'><strong>echon</strong></span> <span class='ocrx_word' id='word_1_270' title='bbox 740 3283 816 3331; x_wconf 90' lang='lat' dir='ltr'><strong>durch</strong></span> <span class='ocrx_word' id='word_1_271' title='bbox 841 3283 881 3332; x_wconf 88' lang='lat' dir='ltr'><strong>eiu</strong></span> <span class='ocrx_word' id='word_1_272' title='bbox 902 3281 1055 3331; x_wconf 87' lang='lat' dir='ltr'><strong>besondcres</strong></span> <span class='ocrx_word' id='word_1_273' title='bbox 1073 3279 1154 3330; x_wconf 83' lang='lat' dir='ltr'><strong>Wort</strong></span> 
     </span>
     <span class='ocr_line' id='line_1_34' title="bbox 76 3347 1152 3412; baseline -0.004 -12"><span class='ocrx_word' id='word_1_274' title='bbox 76 3349 212 3412; x_wconf 75' lang='lat' dir='ltr'><strong>Zeitiolge.</strong></span> <span class='ocrx_word' id='word_1_275' title='bbox 239 3349 331 3400; x_wconf 86' lang='lat' dir='ltr'><strong>Cinnas</strong></span> <span class='ocrx_word' id='word_1_276' title='bbox 348 3350 473 3399; x_wconf 86' lang='lat' dir='ltr'><strong>Auistand</strong></span> <span class='ocrx_word' id='word_1_277' title='bbox 490 3349 547 3400; x_wconf 72' lang='lat' dir='ltr'><strong>tatic</strong></span> <span class='ocrx_word' id='word_1_278' title='bbox 563 3365 586 3399; x_wconf 88' lang='lat' dir='ltr'><strong>a.</strong></span> <span class='ocrx_word' id='word_1_279' title='bbox 641 3351 785 3412; x_wconf 78' lang='lat' dir='ltr'><strong>augegehcn</strong></span> <span class='ocrx_word' id='word_1_280' title='bbox 804 3350 844 3407; x_wconf 73' lang='lat' dir='ltr'><strong>ist</strong></span> <span class='ocrx_word' id='word_1_281' title='bbox 866 3365 894 3399; x_wconf 89' lang='lat' dir='ltr'><strong>so</strong></span> <span class='ocrx_word' id='word_1_282' title='bbox 911 3349 1017 3398; x_wconf 88' lang='lat' dir='ltr'><strong>hruucht</strong></span> <span class='ocrx_word' id='word_1_283' title='bbox 1032 3347 1152 3396; x_wconf 86' lang='lat' dir='ltr'><strong>nichtdie</strong></span> 
     </span>
     <span class='ocr_line' id='line_1_35' title="bbox 77 3412 1218 3480; baseline -0.004 -14"><span class='ocrx_word' id='word_1_284' title='bbox 77 3433 102 3466; x_wconf 91' lang='lat' dir='ltr'><strong>u.</strong></span> <span class='ocrx_word' id='word_1_285' title='bbox 121 3419 178 3475; x_wconf 79' lang='lat'><strong>667,</strong></span> <span class='ocrx_word' id='word_1_286' title='bbox 194 3434 218 3468; x_wconf 93' lang='lat' dir='ltr'><strong>v.</strong></span> <span class='ocrx_word' id='word_1_287' title='bbox 236 3417 280 3466; x_wconf 90' lang='lat' dir='ltr'><strong>Ch.</strong></span> <span class='ocrx_word' id='word_1_288' title='bbox 295 3419 344 3474; x_wconf 69' lang='lat' dir='ltr'><strong>Clt</strong></span> <span class='ocrx_word' id='word_1_289' title='bbox 387 3418 486 3467; x_wconf 90' lang='lat' dir='ltr'><strong>Atticus</strong></span> <span class='ocrx_word' id='word_1_290' title='bbox 521 3418 587 3480; x_wconf 70' lang='lat' dir='ltr'><strong>gius,</strong></span> <span class='ocrx_word' id='word_1_291' title='bbox 640 3417 850 3467; x_wconf 84' lang='lat' dir='ltr'><strong>Distributivzahl</strong></span> <span class='ocrx_word' id='word_1_292' title='bbox 867 3433 898 3466; x_wconf 90' lang='lat' dir='ltr'><strong>zu</strong></span> <span class='ocrx_word' id='word_1_293' title='bbox 916 3417 996 3465; x_wconf 89' lang='lat' dir='ltr'><strong>stehn.</strong></span> <span class='ocrx_word' id='word_1_294' title='bbox 1018 3413 1051 3464; x_wconf 90' lang='lat' dir='ltr'><strong>So</strong></span> <span class='ocrx_word' id='word_1_295' title='bbox 1062 3412 1149 3463; x_wconf 83' lang='lat' dir='ltr'><strong>Thero.</strong></span> <span class='ocrx_word' id='word_1_296' title='bbox 1215 3462 1218 3471; x_wconf 88' lang='grc'><em>,</em></span> 
     </span>
     <span class='ocr_line' id='line_1_36' title="bbox 78 3480 1150 3553; baseline -0.003 -19"><span class='ocrx_word' id='word_1_297' title='bbox 78 3485 198 3535; x_wconf 87' lang='lat' dir='ltr'><strong>nachdem</strong></span> <span class='ocrx_word' id='word_1_298' title='bbox 231 3485 312 3534; x_wconf 87' lang='lat' dir='ltr'><strong>Athen</strong></span> <span class='ocrx_word' id='word_1_299' title='bbox 339 3485 371 3534; x_wconf 89' lang='lat' dir='ltr'><strong>im</strong></span> <span class='ocrx_word' id='word_1_300' title='bbox 398 3485 519 3547; x_wconf 77' lang='lat' dir='ltr'><strong>llrdhling</strong></span> <span class='ocrx_word' id='word_1_301' title='bbox 545 3486 590 3538; x_wconf 84' lang='lat' dir='ltr'><strong>des</strong></span> <span class='ocrx_word' id='word_1_302' title='bbox 643 3488 681 3546; x_wconf 88' lang='lat' dir='ltr'><strong>to,</strong></span> <span class='ocrx_word' id='word_1_303' title='bbox 693 3487 717 3536; x_wconf 85' lang='lat'><strong>3.</strong></span> <span class='ocrx_word' id='word_1_304' title='bbox 727 3485 787 3553; x_wconf 74' lang='lat' dir='ltr'><strong>Lps.</strong></span> <span class='ocrx_word' id='word_1_305' title='bbox 800 3488 850 3543; x_wconf 82' lang='lat' dir='ltr'><strong>l‚5.</strong></span> <span class='ocrx_word' id='word_1_306' title='bbox 862 3484 914 3533; x_wconf 88' lang='lat' dir='ltr'><strong>Cic.</strong></span> <span class='ocrx_word' id='word_1_307' title='bbox 924 3483 999 3535; x_wconf 87' lang='lat' dir='ltr'><strong>Verr.</strong></span> <span class='ocrx_word' id='word_1_308' title='bbox 1009 3480 1040 3530; x_wconf 92' lang='lat' dir='ltr'><strong>ll.</strong></span> <span class='ocrx_word' id='word_1_309' title='bbox 1051 3484 1091 3538; x_wconf 76' lang='lat'><strong>55,</strong></span> <span class='ocrx_word' id='word_1_310' title='bbox 1104 3483 1150 3532; x_wconf 78' lang='lat'><strong>137</strong></span> 
     </span>
     <span class='ocr_line' id='line_1_37' title="bbox 78 3551 1153 3619; baseline -0.003 -17"><span class='ocrx_word' id='word_1_311' title='bbox 78 3552 139 3615; x_wconf 78' lang='lat' dir='ltr'><strong>fulg.</strong></span> <span class='ocrx_word' id='word_1_312' title='bbox 159 3552 183 3601; x_wconf 86' lang='lat' dir='ltr'><strong>J.</strong></span> <span class='ocrx_word' id='word_1_313' title='bbox 210 3552 287 3602; x_wconf 87' lang='lat' dir='ltr'><strong>durch</strong></span> <span class='ocrx_word' id='word_1_314' title='bbox 307 3551 376 3601; x_wconf 90' lang='lat' dir='ltr'><strong>Sulla</strong></span> <span class='ocrx_word' id='word_1_315' title='bbox 399 3553 502 3602; x_wconf 88' lang='lat' dir='ltr'><strong>erohcrt</strong></span> <span class='ocrx_word' id='word_1_316' title='bbox 522 3568 586 3611; x_wconf 79' lang='lat' dir='ltr'><strong>war.</strong></span> <span class='ocrx_word' id='word_1_317' title='bbox 640 3557 739 3619; x_wconf 77' lang='lat' dir='ltr'><strong>eloquiis</strong></span> <span class='ocrx_word' id='word_1_318' title='bbox 770 3557 903 3604; x_wconf 79' lang='lat' dir='ltr'><strong>censorious</strong></span> <span class='ocrx_word' id='word_1_319' title='bbox 934 3554 1025 3601; x_wconf 80' lang='lat' dir='ltr'><strong>denarii</strong></span> <span class='ocrx_word' id='word_1_320' title='bbox 1058 3553 1153 3600; x_wconf 78' lang='lat' dir='ltr'><strong>trecenti</strong></span> 
     </span>
     <span class='ocr_line' id='line_1_38' title="bbox 78 3614 1151 3686; baseline -0.002 -18"><span class='ocrx_word' id='word_1_321' title='bbox 78 3621 141 3669; x_wconf 90' lang='lat' dir='ltr'><strong>nach</strong></span> <span class='ocrx_word' id='word_1_322' title='bbox 168 3619 253 3669; x_wconf 85' lang='lat' dir='ltr'><strong>dieser</strong></span> <span class='ocrx_word' id='word_1_323' title='bbox 281 3618 362 3668; x_wconf 89' lang='lat' dir='ltr'><strong>Stadt.</strong></span> <span class='ocrx_word' id='word_1_324' title='bbox 395 3618 442 3668; x_wconf 87' lang='lat' dir='ltr'><strong>Die</strong></span> <span class='ocrx_word' id='word_1_325' title='bbox 460 3621 591 3682; x_wconf 71' lang='lat' dir='ltr'><strong>Acchtuug</strong></span> <span class='ocrx_word' id='word_1_326' title='bbox 639 3625 745 3686; x_wconf 79' lang='lat' dir='ltr'><strong>imperati</strong></span> <span class='ocrx_word' id='word_1_327' title='bbox 762 3630 823 3672; x_wconf 83' lang='lat' dir='ltr'><strong>suut.</strong></span> <span class='ocrx_word' id='word_1_328' title='bbox 848 3614 1151 3673; x_wconf 79' lang='lat' dir='ltr'><strong>Caes.deh.civ.l.52‚2</strong></span> 
     </span>
    </p>
   </div>
   <div class='ocr_carea' id='block_1_4' title="bbox 76 3678 1356 3753">
    <p class='ocr_par' dir='ltr' id='par_1_24' title="bbox 76 3678 1356 3753">
     <span class='ocr_line' id='line_1_39' title="bbox 76 3678 1356 3753; baseline -0.001 -17"><span class='ocrx_word' id='word_1_329' title='bbox 76 3688 127 3736; x_wconf 87' lang='lat' dir='ltr'><strong>und</strong></span> <span class='ocrx_word' id='word_1_330' title='bbox 145 3686 234 3736; x_wconf 80' lang='lat' dir='ltr'><strong>Flucht</strong></span> <span class='ocrx_word' id='word_1_331' title='bbox 252 3686 296 3735; x_wconf 87' lang='lat' dir='ltr'><strong>des</strong></span> <span class='ocrx_word' id='word_1_332' title='bbox 310 3687 420 3750; x_wconf 78' lang='lat' dir='ltr'><strong>jungern</strong></span> <span class='ocrx_word' id='word_1_333' title='bbox 434 3687 530 3738; x_wconf 81' lang='lat' dir='ltr'><strong>Marius</strong></span> <span class='ocrx_word' id='word_1_334' title='bbox 548 3703 591 3750; x_wconf 76' lang='lat' dir='ltr'><strong>gc·</strong></span> <span class='ocrx_word' id='word_1_335' title='bbox 640 3692 731 3753; x_wconf 81' lang='lat' dir='ltr'><strong>iamque</strong></span> <span class='ocrx_word' id='word_1_336' title='bbox 761 3691 791 3738; x_wconf 84' lang='lat' dir='ltr'><strong>ed</strong></span> <span class='ocrx_word' id='word_1_337' title='bbox 821 3690 929 3737; x_wconf 75' lang='lat' dir='ltr'><strong>denarios</strong></span> <span class='ocrx_word' id='word_1_338' title='bbox 953 3688 970 3736; x_wconf 88' lang='lat' dir='ltr'><strong>t</strong></span> <span class='ocrx_word' id='word_1_339' title='bbox 996 3689 1021 3734; x_wconf 84' lang='lat' dir='ltr'><strong>ic</strong></span> <span class='ocrx_word' id='word_1_340' title='bbox 1048 3688 1152 3746; x_wconf 78' lang='lat' dir='ltr'><strong>siopolos</strong></span> <span class='ocrx_word' id='word_1_341' title='bbox 1254 3744 1258 3749; x_wconf 9' lang='lat' dir='ltr'><strong>q</strong></span> <span class='ocrx_word' id='word_1_342' title='bbox 1354 3678 1356 3691; x_wconf 61' lang='lat'><em>²</em></span> 
     </span>
    </p>
   </div>
   <div class='ocr_carea' id='block_1_5' title="bbox 78 3749 1153 3887">
    <p class='ocr_par' dir='ltr' id='par_1_25' title="bbox 78 3749 1153 3887">
     <span class='ocr_line' id='line_1_40' title="bbox 78 3749 1149 3819; baseline -0.005 -16"><span class='ocrx_word' id='word_1_343' title='bbox 78 3755 154 3803; x_wconf 85' lang='lat' dir='ltr'><strong>schah</strong></span> <span class='ocrx_word' id='word_1_344' title='bbox 181 3754 243 3804; x_wconf 86' lang='lat' dir='ltr'><strong>uhcr</strong></span> <span class='ocrx_word' id='word_1_345' title='bbox 269 3769 300 3802; x_wconf 91' lang='lat' dir='ltr'><strong>zu</strong></span> <span class='ocrx_word' id='word_1_346' title='bbox 326 3752 437 3815; x_wconf 82' lang='lat' dir='ltr'><strong>gleicher</strong></span> <span class='ocrx_word' id='word_1_347' title='bbox 462 3755 520 3804; x_wconf 91' lang='lat' dir='ltr'><strong>Zeit</strong></span> <span class='ocrx_word' id='word_1_348' title='bbox 545 3755 591 3804; x_wconf 85' lang='lat' dir='ltr'><strong>mit</strong></span> <span class='ocrx_word' id='word_1_349' title='bbox 639 3759 730 3807; x_wconf 81' lang='lat' dir='ltr'><strong>modios</strong></span> <span class='ocrx_word' id='word_1_350' title='bbox 748 3771 840 3805; x_wconf 77' lang='lat' dir='ltr'><strong>ennoea</strong></span> <span class='ocrx_word' id='word_1_351' title='bbox 851 3760 992 3819; x_wconf 82' lang='lat' dir='ltr'><strong>peruenerat,</strong></span> <span class='ocrx_word' id='word_1_352' title='bbox 1012 3751 1074 3799; x_wconf 89' lang='lat' dir='ltr'><strong>deb.</strong></span> <span class='ocrx_word' id='word_1_353' title='bbox 1085 3749 1149 3799; x_wconf 75' lang='lat' dir='ltr'><strong>Gall.</strong></span> 
     </span>
     <span class='ocr_line' id='line_1_41' title="bbox 78 3819 1153 3887; baseline -0.003 -16"><span class='ocrx_word' id='word_1_354' title='bbox 78 3823 122 3871; x_wconf 83' lang='lat' dir='ltr'><strong>des</strong></span> <span class='ocrx_word' id='word_1_355' title='bbox 140 3821 169 3872; x_wconf 87' lang='lat' dir='ltr'><strong>P.</strong></span> <span class='ocrx_word' id='word_1_356' title='bbox 191 3820 314 3887; x_wconf 84' lang='lat' dir='ltr'><strong>Sulpicius</strong></span> <span class='ocrx_word' id='word_1_357' title='bbox 331 3819 411 3870; x_wconf 88' lang='lat' dir='ltr'><strong>Tude.</strong></span> <span class='ocrx_word' id='word_1_358' title='bbox 455 3838 460 3861; x_wconf 63' lang='lat' dir='ltr'><strong>l</strong></span> <span class='ocrx_word' id='word_1_359' title='bbox 640 3821 719 3878; x_wconf 82' lang='lat'><strong>1.5‚3</strong></span> <span class='ocrx_word' id='word_1_360' title='bbox 743 3826 812 3877; x_wconf 82' lang='lat' dir='ltr'><strong>trium</strong></span> <span class='ocrx_word' id='word_1_361' title='bbox 834 3837 936 3872; x_wconf 77' lang='lat' dir='ltr'><strong>mensum</strong></span> <span class='ocrx_word' id='word_1_362' title='bbox 958 3822 1039 3870; x_wconf 83' lang='lat' dir='ltr'><strong>molito</strong></span> <span class='ocrx_word' id='word_1_363' title='bbox 1065 3822 1153 3870; x_wconf 80' lang='lat' dir='ltr'><strong>ciborio</strong></span> 
     </span>
    </p>
   </div>
   <div class='ocr_carea' id='block_1_6' title="bbox 112 3873 1100 4005">
    <p class='ocr_par' dir='ltr' id='par_1_26' title="bbox 112 3873 1100 4005">
     <span class='ocr_line' id='line_1_42' title="bbox 112 3873 1100 4005; baseline -0.005 -65"><span class='ocrx_word' id='word_1_364' title='bbox 112 3893 136 3940; x_wconf 88' lang='grc'><strong>4.</strong></span> <span class='ocrx_word' id='word_1_365' title='bbox 149 3895 270 4005; x_wconf 78' lang='lat' dir='ltr'><strong>lprotiom:</strong></span> <span class='ocrx_word' id='word_1_366' title='bbox 288 3873 498 3939; x_wconf 81' lang='lat' dir='ltr'><strong>Beliehtheithci</strong></span> <span class='ocrx_word' id='word_1_367' title='bbox 517 3890 591 3938; x_wconf 85' lang='lat' dir='ltr'><strong>hoch-</strong></span> <span class='ocrx_word' id='word_1_368' title='bbox 641 3894 687 3941; x_wconf 80' lang='lat' dir='ltr'><strong>sihi</strong></span> <span class='ocrx_word' id='word_1_369' title='bbox 705 3907 814 3954; x_wconf 82' lang='lat' dir='ltr'><strong>quemque</strong></span> <span class='ocrx_word' id='word_1_370' title='bbox 833 3893 899 3940; x_wconf 87' lang='lat' dir='ltr'><strong>domo</strong></span> <span class='ocrx_word' id='word_1_371' title='bbox 918 3892 997 3953; x_wconf 74' lang='lat' dir='ltr'><strong>efferre</strong></span> <span class='ocrx_word' id='word_1_372' title='bbox 1014 3890 1100 3937; x_wconf 80' lang='lat' dir='ltr'><strong>iubent.</strong></span> 
     </span>
    </p>
   </div>
   <div class='ocr_carea' id='block_1_7' title="bbox 77 3951 1152 4083">
    <p class='ocr_par' dir='ltr' id='par_1_27' title="bbox 77 3951 1152 4083">
     <span class='ocr_line' id='line_1_43' title="bbox 78 3951 1152 4021; baseline -0.002 -16"><span class='ocrx_word' id='word_1_373' title='bbox 78 3965 148 4018; x_wconf 82' lang='lat' dir='ltr'><strong>geste</strong></span> <span class='ocrx_word' id='word_1_374' title='bbox 169 3963 210 4006; x_wconf 87' lang='lat' dir='ltr'><strong>teu</strong></span> <span class='ocrx_word' id='word_1_375' title='bbox 228 3956 350 4015; x_wconf 79' lang='lat' dir='ltr'><strong>Homero,</strong></span> <span class='ocrx_word' id='word_1_376' title='bbox 381 3956 434 4005; x_wconf 83' lang='lat' dir='ltr'><strong>also</strong></span> <span class='ocrx_word' id='word_1_377' title='bbox 456 3956 585 4016; x_wconf 85' lang='lat' dir='ltr'><strong>‘Einfluss’‚</strong></span> <span class='ocrx_word' id='word_1_378' title='bbox 675 3961 715 4021; x_wconf 85' lang='lat' dir='ltr'><strong>qui</strong></span> <span class='ocrx_word' id='word_1_379' title='bbox 737 3961 923 4017; x_wconf 75' lang='lat' dir='ltr'><strong>modoserens,</strong></span> <span class='ocrx_word' id='word_1_380' title='bbox 959 3951 1031 4003; x_wconf 77' lang='lat' dir='ltr'><strong>nimi.</strong></span> <span class='ocrx_word' id='word_1_381' title='bbox 1057 3959 1152 4019; x_wconf 84' lang='lat' dir='ltr'><strong>septem</strong></span> 
     </span>
     <span class='ocr_line' id='line_1_44' title="bbox 77 4022 725 4083; baseline -0.002 -11"><span class='ocrx_word' id='word_1_382' title='bbox 77 4023 286 4083; x_wconf 68' lang='lat' dir='ltr'><strong>niscatur.</strong></span> <span class='ocrx_word' id='word_1_383' title='bbox 548 4040 553 4051; x_wconf 73' lang='lat'><strong>⁴</strong></span> <span class='ocrx_word' id='word_1_384' title='bbox 640 4022 725 4074; x_wconf 88' lang='lat' dir='ltr'><strong>modii.</strong></span> 
     </span>
    </p>
   </div>
   <div class='ocr_carea' id='block_1_8' title="bbox 0 0 1380 4768">
    <p class='ocr_par' dir='ltr' id='par_1_28' title="bbox 0 0 1380 4768">
     <span class='ocr_line' id='line_1_45' title="bbox 0 0 1380 4768; baseline 0 1"><span class='ocrx_word' id='word_1_385' title='bbox 0 0 1380 4768; x_wconf 95' lang='lat' dir='ltr'><strong> </strong></span> 
     </span>
    </p>
   </div>
  </div>
 </body>
</html>
