2742 4766
182 428 222 503 52
445 406 448 410 ’
559 438 623 490 uu.
641 417 846 490 meramors.
867 440 890 491 a.
934 452 937 453 ⁷

113 640 118 649 .
223 593 321 672 neque
348 591 433 654 aliter
460 591 496 652 ab
526 610 562 654 eo
590 592 756 654 surrexisse
784 612 818 654 ao
845 592 923 653 filius
951 601 1118 672 aparente
1141 592 1284 655 debuerit.

184 684 201 742 3
223 677 420 755 Posteaquam
441 677 594 738 robustior
615 685 661 738 est
682 678 791 750 lactus,
819 696 880 739 non
902 677 1001 738 miuus
1029 679 1138 739 multos
1160 679 1284 752 amavit3

225 761 256 824 in
279 758 405 841 quorum
432 780 547 836 amore,
582 762 679 841 quoad
694 761 814 824 licitum
837 770 882 822 est
899 762 1016 836 otioso,
1046 763 1137 825 multa
1151 759 1286 835 ¹delicate

203 846 500 926 iocosequelecit,
535 865 610 926 quae
637 847 832 920 referremus,
858 847 920 907 nisi
948 847 1059 908 maiora
1088 847 1205 927 potiora
1233 849 1285 909 ba-

221 932 371 994 beremus.
790 952 795 957 ’
957 955 958 959 ’

99 1022 102 1039 ’
181 1012 202 1082 3
223 1053 226 1060 ·
247 1072 252 1081 .
307 1016 390 1078 Bello
411 1015 634 1095 Peloponnesio
656 1015 745 1077 buius
761 1015 887 1076 consilio
904 1017 990 1096 alque
1006 1016 1180 1077 auctoritate
1196 1018 1285 1078 Athe-

221 1101 341 1163 nienses
373 1101 483 1161 bellum
511 1099 704 1179 Syracusanis
732 1101 914 1173 indixerunt3
949 1100 986 1161 ad
1012 1101 1094 1180 quod
1122 1101 1286 1178 gerendum

222 1187 287 1266 ipse
310 1186 368 1246 dux
389 1185 521 1263 delectus
545 1192 603 1259 est,
633 1185 690 1246 duo
713 1194 865 1268 praeterea
888 1185 1017 1263 collegae
1045 1184 1121 1257 dati,
1149 1185 1236 1246 Nicia
1260 1195 1287 1248 et
1319 1262 1324 1265 ,

43 1268 54 1277 ‘
109 1312 116 1315 ,
182 1271 397 1332 2Lamacbus.
447 1268 481 1329 ld
508 1288 575 1329 cum
602 1278 807 1349 appararetur,
841 1270 1014 1350 priusquam
1044 1270 1149 1332 classis
1183 1271 1285 1345 exiret,

221 1355 331 1416 eccidit
358 1358 392 1416 'ut
420 1372 478 1413 una
510 1362 597 1416 nocte
627 1373 730 1415 omnes
765 1355 891 1415 Hermae
925 1355 976 1434 qui
1003 1355 1035 1415 in
1063 1355 1173 1434 oppido
1203 1366 1287 1417 erant

222 1439 346 1500 Athenis
369 1438 567 1499 deiicerentur
588 1447 705 1518 praeter
727 1457 816 1500 unum
841 1439 890 1519 qui
913 1447 981 1502 ante
1003 1436 1122 1513 ianuam
1145 1450 1208 1502 erat
1227 1443 1285 1502 An-

222 1523 332 1583 docidi.
375 1524 477 1602 ltaque
498 1523 547 1584 ille
569 1529 673 1603 postea
696 1524 859 1586 Mercurius
880 1523 1043 1585 Andocidis
1062 1524 1206 1585 vocitatus
1231 1534 1285 1587 est.

183 1612 200 1669 3
222 1608 286 1668 Hoc
308 1618 374 1668 cum
402 1616 558 1688 appareret
585 1627 645 1669 non
675 1609 740 1670 sine
768 1627 874 1687 magna
901 1609 1060 1672 multorum
1085 1609 1288 1671 consensione

224 1711 291 1753 esse
314 1694 422 1753 lactum
446 1711 520 1772 quae
549 1711 608 1753 non
637 1693 675 1754 ad
696 1693 839 1772 privatam
862 1693 915 1754 sed
936 1693 1085 1773 publicam
1107 1712 1170 1754 rem
1190 1695 1286 1773 perti-

223 1780 317 1850 neret,
339 1795 462 1855 magnus
484 1777 665 1839 multitudini
692 1779 783 1839 timor
810 1786 856 1839 est
884 1778 1009 1840 iniectus
1038 1796 1076 1840 ne
1098 1797 1155 1857 qua
1177 1797 1286 1859 repen·

223 1861 286 1922 tina
308 1862 352 1922 vis
374 1862 404 1922 in
427 1861 543 1923 ciuitate
566 1862 723 1924 exsisteret
744 1881 819 1942 quae
840 1863 1007 1924 libertatem
1026 1864 1210 1943 opprimeret
1231 1884 1285 1944 po-

181 1951 199 2007 4
221 1947 294 2026 puli.
337 1946 401 2007 Hoc
421 1947 547 2008 maxime
570 1948 729 2010 convenire
751 1947 782 2008 in
796 1947 987 2021 xlleibiadem
1001 1948 1176 2022 uidebatur,
1206 1949 1286 2028 quod

222 2039 251 2093 et
271 2031 422 2111 potentior
453 2041 482 2093 et
508 2032 604 2092 maior
632 2052 719 2111 quam
749 2032 881 2112 privatus
904 2032 1133 2093 existimabatur.
1177 2033 1285 2094 Multos

222 2116 301 2177 enim
322 2115 500 2178 liberalitate
522 2117 701 2190 devinxerat,
723 2116 824 2198 plures
847 2117 934 2179 etiam
958 2136 1049 2197 opera
1069 2117 1184 2178 lorensi
1213 2137 1284 2179 suos

107 2238 109 2245 ,
182 2201 399 2263 breddiderat.
445 2202 543 2274 Quare
565 2201 654 2263 fiebat
687 2211 718 2263 ut
746 2201 879 2263 omnium
906 2202 1009 2263 oculos
1039 2203 1284 2282 quotiescumque

125 2360 132 2369 Ι
222 2285 425 2364 in·publicum
448 2285 598 2365 prodisset
620 2287 656 2347 ad
685 2306 718 2348 se
748 2295 939 2349 converteret
956 2306 1053 2367 neque
1075 2288 1103 2348 ei
1125 2307 1180 2367 par
1203 2288 1284 2368 quis-

222 2388 311 2449 quam
332 2369 363 2430 in
386 2370 502 2432 civitate
524 2379 693 2450 poneretur.
716 2373 846 2454 [ltaque
874 2391 933 2433 non
962 2372 1058 2433 solum
1086 2391 1170 2451 spem
1194 2374 1226 2434 in
1248 2392 1284 2434 eo

220 2454 368 2516 habebant
389 2455 545 2516 maximam
569 2454 622 2515 sed
645 2456 734 2516 etiam
755 2457 900 2529 timorem,
936 2458 1013 2537 quod
1037 2464 1075 2517 et·
1088 2457 1195 2518 obesse
1217 2457 1283 2538 plu·
1344 2460 1349 2465 ’

182 2540 326 2603 orimum
361 2548 390 2600 et
419 2539 566 2620 prodesse
599 2548 724 2620 poterat.
773 2541 992 2620 dspergebatur
1027 2541 1116 2604 etiam
1151 2542 1284 2616 infamia,

220 2750 333 2826 τότερον
349 2753 592 2827 καταδεδαρθηκώς
612 2752 727 2820 ἀνέστην
757 2756 765 2767 ’
808 2762 927 2813 Andocidi.
951 2760 1004 2810 Iler
1021 2760 1190 2823 gewbbnlielrc
1209 2760 1284 2811 Geni·

219 2820 289 2890 μετὰ
310 2819 509 2906 torpetque
533 2821 558 2876 εἰ
582 2823 651 2894 μετὰ
676 2843 726 2877 πα·
776 2827 813 2879 tiv
830 2829 895 2877 stelit
913 2827 993 2890 gleicb
1011 2829 1108 2879 darauf.
1162 2857 1164 2862 ·
1237 2827 1241 2833 ”

220 2886 439 3010 ζῖὸζυκαθηυδον
456 2887 726 2965 ἢᾶδελφοῦπρεσβυ-
803 2896 1227 3014 squuje'ffwif‘iq‘q‘w'eit'qfflmffl
1239 2913 1281 3015 gr,

301 2994 308 3008 .
754 2979 826 3013 .wxe
877 2979 890 3012 e
921 2980 1002 3014 nscrx
1046 2980 1084 3013 zer
1114 2980 1141 3024 e,
1170 2981 1218 3015 von
1257 2980 1284 3015 er

251 2973 282 3081 ἓ.
305 3027 327 3076 1.
349 3026 387 3076 01:
397 3030 437 3085 91,
448 3029 555 3080 2=415.
776 3031 930 3094 Aegeischen
940 3032 1018 3100 Phyle
1037 2981 1135 3096 gesegtzt
1151 3048 1214 3083 war.
1236 3035 1285 3083 An-

256 3093 338 3144 Ueber
353 3099 486 3148 indixerunt
503 3111 523 3144 s.
533 3095 633 3146 zuCim.
643 3099 666 3156 3,
676 3100 699 3149 2.
778 3100 831 3149 doc.
849 3099 936 3166 1562.
955 3101 1070 3150 Aeschin.
1086 3101 1192 3167 1§125.
1213 3101 1280 3152 Plut.

255 3163 329 3214 Nicia.
353 3161 400 3211 Die
421 3161 566 3213 lateinischc
590 3164 728 3228 Endungo
776 3167 881 3218 ulem.

221 3227 263 3278 fuir
283 3228 325 3281 die
348 3229 500 3292 griechiscbe
519 3251 558 3296 aa,
586 3233 636 3283 wie
664 3286 687 3295 p,
712 3238 723 3283 ’.
811 3236 835 3286 3.
855 3241 896 3288 sed
912 3242 1029 3303 privatum.
1049 3237 1074 3286 S.
1084 3252 1115 3286 zu
1125 3236 1185 3286 Con.
1196 3239 1219 3295 5,
1230 3238 1256 3288 2.

223 3298 284 3355 1,1.
310 3296 388 3347 llann.
405 3300 442 3358 12.
458 3301 482 3351 3.
510 3299 534 3349 S.
551 3299 653 3365 Madvig
694 3304 725 3357 35
810 3306 835 3354 4.
860 3322 928 3369 opera
953 3309 1046 3368 sorensi.
1080 3304 1164 3354 Durch
1194 3304 1283 3355 Unter·

221 3363 291 3417 nnn.
302 3365 326 3415 2.
776 3372 892 3434 stdtzung
909 3371 933 3420 in
945 3371 1240 3436 Vollxsvcrsammluogen
1257 3389 1280 3422 u.

255 3434 279 3483 2.
298 3451 498 3487 omuerssumtm.
517 3435 551 3486 So
560 3439 621 3486 auch
629 3438 723 3487 Andoc.
775 3455 822 3489 vor
840 3439 942 3489 Gericlit
963 3440 1113 3490 vermittelst
1137 3442 1284 3492 beredsam·

223 3498 723 3572 1b62.Philochorusb.Scbol.Aristoph.
775 3507 835 3565 lecit,
850 3507 964 3558 ‘Eiolluss
978 3508 1026 3557 und
1037 3510 1140 3572 Anhang
1149 3509 1281 3573 (Haterio).

222 3567 329 3635 Lysistr.
349 3572 421 3623 1094.
458 3569 678 3625 Nocturnum.
694 3576 724 3624 27
810 3578 833 3627 5.
851 3581 974 3642 prodisset.
994 3576 1089 3632 Saul.
1100 3578 1123 3628 3.

221 3638 538 3689 wurdennurdiemeisten
551 3636 725 3703 (οἱπλεῖστοι)
809 3648 834 3694 in
851 3662 892 3696 eo:
915 3643 946 3692 ‘in
964 3643 1027 3693 ihm'.
1064 3644 1090 3694 ln
1115 3645 1210 3695 diesem
1232 3645 1285 3695 und

220 3701 366 3769 beschaldigt
391 3707 439 3757 und
466 3709 527 3757 nach
555 3708 683 3760 Pleume.
694 3712 725 3762 al
776 3709 869 3760 andern
891 3712 1052 3761 Ausdrdckeu
1073 3713 1178 3762 werden
1205 3713 1284 3763 dureb

222 3786 310 3823 ausser
327 3775 382 3823 dom
399 3775 443 3824 des
455 3776 594 3827 Andocides
612 3778 674 3826 noch
691 3777 727 3827 ei·
776 3778 831 3828 cine
862 3779 951 3829 robore
979 3781 1145 3843 Ansehauung
1171 3781 1284 3832 Geistes·

223 3839 279 3901 nige
307 3842 405 3904 wenige
430 3844 579 3894 versclrontc
592 3872 623 3882 ·-
642 3850 727 3898 deiice-
776 3846 940 3910 ruauigleiten
967 3847 1005 3897 als
1028 3856 1107 3898 etwas
1127 3848 1284 3900 Materielles

223 3916 307 3959 rentur.
333 3909 460 3961 Vielmcbr
482 3912 587 3962 worden
610 3912 646 3963 sie
669 3928 726 3963 ver·
776 3915 826 3963 und
848 3931 904 3964 vom
922 3914 1006 3966 Geiste
1024 3904 1183 3968 Trcnnbares
1207 3933 1285 3982 ange·

224 3974 348 4026 stimmelt
381 3973 615 4048 (περιεκόπησαν).
646 3979 723 4031 Time.
776 3983 844 4033 sehn.
864 3982 963 4033 Ebenso
971 3983 1041 4034 Eum.
1054 3987 1091 4044 13,
1103 3987 1126 4037 2.
1136 3985 1211 4035 Phoc.
1221 3989 1243 4045 4,
1255 3989 1281 4039 4.

224 4038 328 4094 Vtut.
775 4049 831 4113 Vgl.
842 4067 872 4101 zu
880 4052 930 4102 Art.
940 4054 963 4110 9,
974 4055 997 4103 6.
1141 4047 1146 4053 ⁸
